<?xml version="1.0" encoding="UTF-8"?>
<!DOCTYPE html PUBLIC "-//W3C//DTD XHTML 1.0 Transitional//EN"
    "http://www.w3.org/TR/xhtml1/DTD/xhtml1-transitional.dtd">
<html xmlns="http://www.w3.org/1999/xhtml" xml:lang="en" lang="en">
 <head>
  <title>
</title>
<meta http-equiv="Content-Type" content="text/html;charset=utf-8" />
  <meta name='ocr-system' content='tesseract 3.04.00' />
  <meta name='ocr-capabilities' content='ocr_page ocr_carea ocr_par ocr_line ocrx_word'/>
</head>
<body>
  <div class='ocr_page' id='page_1' title='image "./lucifericalarit00lucigoog_0337.png"; bbox 0 0 2850 4754; ppageno 0'>
   <div class='ocr_carea' id='block_1_1' title="bbox 268 817 1213 1055">
    <p class='ocr_par' dir='ltr' id='par_1_1' title="bbox 268 817 1213 1055">
     <span class='ocr_line' id='line_1_1' title="bbox 268 817 1213 1055; baseline -0.004 -1"><span class='ocrx_word' id='word_1_1' title='bbox 268 955 598 1054; x_wconf 78' lang='lat' dir='ltr'><strong>MORIENDUM</strong></span> <span class='ocrx_word' id='word_1_2' title='bbox 628 817 763 1054; x_wconf 56' lang='lat' dir='ltr'><strong>absh</strong></span> <span class='ocrx_word' id='word_1_3' title='bbox 795 955 895 1054; x_wconf 87' lang='lat' dir='ltr'><strong>PRO</strong></span> <span class='ocrx_word' id='word_1_4' title='bbox 926 956 1022 1053; x_wconf 81' lang='lat' dir='ltr'><strong>lllll</strong></span> <span class='ocrx_word' id='word_1_5' title='bbox 1052 955 1213 1055; x_wconf 78' lang='lat' dir='ltr'><strong>FILIO.</strong></span> 
     </span>
    </p>
   </div>
   <div class='ocr_carea' id='block_1_2' title="bbox 170 1200 1334 3030">
    <p class='ocr_par' dir='ltr' id='par_1_2' title="bbox 170 1200 1334 3030">
     <span class='ocr_line' id='line_1_2' title="bbox 217 1200 1296 1282; baseline 0.002 -16"><span class='ocrx_word' id='word_1_6' title='bbox 217 1204 241 1266; x_wconf 90' lang='grc' dir='ltr'><strong>Ι.</strong></span> <span class='ocrx_word' id='word_1_7' title='bbox 275 1200 433 1266; x_wconf 86' lang='lat' dir='ltr'><strong>Deeuerat</strong></span> <span class='ocrx_word' id='word_1_8' title='bbox 457 1200 592 1282; x_wconf 91' lang='lat' dir='ltr'><strong>quidem,</strong></span> <span class='ocrx_word' id='word_1_9' title='bbox 619 1201 782 1266; x_wconf 72' lang='lat' dir='ltr'><strong>Constanti</strong></span> <span class='ocrx_word' id='word_1_10' title='bbox 803 1201 983 1282; x_wconf 88' lang='lat' dir='ltr'><strong>imperator,</strong></span> <span class='ocrx_word' id='word_1_11' title='bbox 1007 1202 1084 1266; x_wconf 85' lang='lat' dir='ltr'>nihil</span> <span class='ocrx_word' id='word_1_12' title='bbox 1105 1203 1172 1266; x_wconf 92' lang='lat' dir='ltr'><strong>iam</strong></span> <span class='ocrx_word' id='word_1_13' title='bbox 1189 1204 1296 1268; x_wconf 89' lang='lat' dir='ltr'><strong>tecum</strong></span> 
     </span>
     <span class='ocr_line' id='line_1_3' title="bbox 173 1305 1297 1390; baseline 0.002 -19"><span class='ocrx_word' id='word_1_14' title='bbox 173 1307 213 1372; x_wconf 92' lang='lat' dir='ltr'><strong>de</strong></span> <span class='ocrx_word' id='word_1_15' title='bbox 238 1306 352 1369; x_wconf 92' lang='lat' dir='ltr'><strong>diuinis</strong></span> <span class='ocrx_word' id='word_1_16' title='bbox 374 1306 546 1368; x_wconf 85' lang='lat' dir='ltr'><strong>retractare</strong></span> <span class='ocrx_word' id='word_1_17' title='bbox 569 1305 742 1387; x_wconf 88' lang='lat' dir='ltr'><strong>scripturis,</strong></span> <span class='ocrx_word' id='word_1_18' title='bbox 765 1323 837 1368; x_wconf 91' lang='lat' dir='ltr'><strong>cum</strong></span> <span class='ocrx_word' id='word_1_19' title='bbox 861 1324 897 1370; x_wconf 92' lang='lat' dir='ltr'><strong>eo</strong></span> <span class='ocrx_word' id='word_1_20' title='bbox 920 1305 1071 1370; x_wconf 85' lang='lat' dir='ltr'><strong>uidelicet</strong></span> <span class='ocrx_word' id='word_1_21' title='bbox 1093 1326 1191 1390; x_wconf 89' lang='lat' dir='ltr'><strong>quem</strong></span> <span class='ocrx_word' id='word_1_22' title='bbox 1212 1309 1297 1373; x_wconf 88' lang='lat' dir='ltr'><strong>ueri·</strong></span> 
     </span>
     <span class='ocr_line' id='line_1_4' title="bbox 172 1407 1297 1489; baseline 0.001 -16"><span class='ocrx_word' id='word_1_23' title='bbox 172 1410 249 1474; x_wconf 89' lang='lat' dir='ltr'><strong>tatis</strong></span> <span class='ocrx_word' id='word_1_24' title='bbox 273 1407 516 1489; x_wconf 81' lang='lat' dir='ltr'><strong>compererimus</strong></span> <span class='ocrx_word' id='word_1_25' title='bbox 537 1407 810 1489; x_wconf 79' lang='lat' dir='ltr'><strong>interpolatorem,</strong></span> <span class='ocrx_word' id='word_1_26' title='bbox 840 1409 947 1472; x_wconf 91' lang='lat' dir='ltr'><strong>tecum</strong></span> <span class='ocrx_word' id='word_1_27' title='bbox 975 1428 1070 1489; x_wconf 88' lang='lat' dir='ltr'><strong>quom</strong></span> <span class='ocrx_word' id='word_1_28' title='bbox 1099 1409 1138 1472; x_wconf 91' lang='lat' dir='ltr'><strong>de</strong></span> <span class='ocrx_word' id='word_1_29' title='bbox 1158 1409 1231 1475; x_wconf 87' lang='lat' dir='ltr'><strong>illis</strong></span> <span class='ocrx_word' id='word_1_30' title='bbox 1261 1430 1297 1476; x_wconf 86' lang='lat' dir='ltr'><strong>er</strong></span> 
     </span>
     <span class='ocr_line' id='line_1_5' title="bbox 174 1508 1333 1590; baseline 0 -14"><span class='ocrx_word' id='word_1_31' title='bbox 174 1513 297 1576; x_wconf 90' lang='lat' dir='ltr'><strong>actibus</strong></span> <span class='ocrx_word' id='word_1_32' title='bbox 319 1510 383 1573; x_wconf 92' lang='lat' dir='ltr'><strong>tuis</strong></span> <span class='ocrx_word' id='word_1_33' title='bbox 404 1510 436 1573; x_wconf 89' lang='lat' dir='ltr'><strong>te</strong></span> <span class='ocrx_word' id='word_1_34' title='bbox 459 1508 774 1590; x_wconf 73' lang='lat' dir='ltr'><strong>comprehenderimus</strong></span> <span class='ocrx_word' id='word_1_35' title='bbox 799 1527 883 1585; x_wconf 90' lang='lat' dir='ltr'><strong>esse,</strong></span> <span class='ocrx_word' id='word_1_36' title='bbox 919 1509 972 1590; x_wconf 91' lang='lat' dir='ltr'><strong>qui</strong></span> <span class='ocrx_word' id='word_1_37' title='bbox 1001 1509 1119 1575; x_wconf 91' lang='lat' dir='ltr'><strong>idcirco</strong></span> <span class='ocrx_word' id='word_1_38' title='bbox 1152 1511 1333 1576; x_wconf 84' lang='lat' dir='ltr'><strong>dicantur⁵</strong></span> 
     </span>
     <span class='ocr_line' id='line_1_6' title="bbox 174 1611 1297 1695; baseline 0 -17"><span class='ocrx_word' id='word_1_39' title='bbox 174 1614 234 1679; x_wconf 93' lang='lat' dir='ltr'><strong>sibi</strong></span> <span class='ocrx_word' id='word_1_40' title='bbox 257 1612 424 1695; x_wconf 89' lang='lat' dir='ltr'><strong>sapientes,</strong></span> <span class='ocrx_word' id='word_1_41' title='bbox 448 1612 531 1693; x_wconf 92' lang='lat' dir='ltr'><strong>quod</strong></span> <span class='ocrx_word' id='word_1_42' title='bbox 557 1612 638 1676; x_wconf 91' lang='lat' dir='ltr'><strong>enim</strong></span> <span class='ocrx_word' id='word_1_43' title='bbox 661 1611 723 1674; x_wconf 92' lang='lat' dir='ltr'><strong>sint</strong></span> <span class='ocrx_word' id='word_1_44' title='bbox 744 1611 941 1692; x_wconf 79' lang='lat' dir='ltr'><strong>insipientiae</strong></span> <span class='ocrx_word' id='word_1_45' title='bbox 964 1612 1024 1675; x_wconf 89' lang='lat' dir='ltr'><strong>iter</strong></span> <span class='ocrx_word' id='word_1_46' title='bbox 1045 1613 1207 1689; x_wconf 80' lang='lat' dir='ltr'><strong>tenentos3</strong></span> <span class='ocrx_word' id='word_1_47' title='bbox 1240 1614 1297 1678; x_wconf 94' lang='lat' dir='ltr'><strong>de-</strong></span> 
     </span>
     <span class='ocr_line' id='line_1_7' title="bbox 172 1714 1296 1800; baseline 0.001 -19"><span class='ocrx_word' id='word_1_48' title='bbox 172 1716 292 1793; x_wconf 91' lang='lat' dir='ltr'><strong>cuerat,</strong></span> <span class='ocrx_word' id='word_1_49' title='bbox 315 1716 351 1778; x_wconf 85' lang='lat' dir='ltr'><strong>ut</strong></span> <span class='ocrx_word' id='word_1_50' title='bbox 373 1715 517 1792; x_wconf 84' lang='lat' dir='ltr'><strong>diximus,</strong></span> <span class='ocrx_word' id='word_1_51' title='bbox 540 1714 611 1796; x_wconf 92' lang='lat' dir='ltr'><strong>post</strong></span> <span class='ocrx_word' id='word_1_52' title='bbox 632 1714 721 1777; x_wconf 91' lang='lat' dir='ltr'><strong>tanta</strong></span> <span class='ocrx_word' id='word_1_53' title='bbox 742 1714 798 1779; x_wconf 93' lang='lat' dir='ltr'><strong>illa</strong></span> <span class='ocrx_word' id='word_1_54' title='bbox 822 1733 900 1796; x_wconf 92' lang='lat' dir='ltr'><strong>quae</strong></span> <span class='ocrx_word' id='word_1_55' title='bbox 915 1715 1104 1796; x_wconf 85' lang='lat' dir='ltr'><strong>ingessimus</strong></span> <span class='ocrx_word' id='word_1_56' title='bbox 1120 1717 1185 1782; x_wconf 89' lang='lat' dir='ltr'><strong>iam</strong></span> <span class='ocrx_word' id='word_1_57' title='bbox 1200 1736 1296 1800; x_wconf 90' lang='lat' dir='ltr'><strong>prae-</strong></span> 
     </span>
     <span class='ocr_line' id='line_1_8' title="bbox 171 1816 1297 1899; baseline 0.001 -14"><span class='ocrx_word' id='word_1_58' title='bbox 171 1821 247 1886; x_wconf 90' lang='lat' dir='ltr'><strong>bere</strong></span> <span class='ocrx_word' id='word_1_59' title='bbox 276 1818 450 1895; x_wconf 88' lang='lat' dir='ltr'><strong>silentium,</strong></span> <span class='ocrx_word' id='word_1_60' title='bbox 485 1817 619 1880; x_wconf 84' lang='lat' dir='ltr'><strong>marimo</strong></span> <span class='ocrx_word' id='word_1_61' title='bbox 653 1835 726 1880; x_wconf 89' lang='lat' dir='ltr'><strong>oum</strong></span> <span class='ocrx_word' id='word_1_62' title='bbox 759 1816 910 1899; x_wconf 85' lang='lat' dir='ltr'><strong>scriptum</strong></span> <span class='ocrx_word' id='word_1_63' title='bbox 943 1819 1195 1885; x_wconf 87' lang='lat' dir='ltr'><strong>meminerimus:</strong></span> <span class='ocrx_word' id='word_1_64' title='bbox 1230 1823 1297 1887; x_wconf 77' lang='lat' dir='ltr'><strong>coli</strong></span> 
     </span>
     <span class='ocr_line' id='line_1_9' title="bbox 171 1919 1295 2004; baseline 0.001 -17"><span class='ocrx_word' id='word_1_65' title='bbox 171 1923 356 2004; x_wconf 78' lang='lat' dir='ltr'><strong>respondere</strong></span> <span class='ocrx_word' id='word_1_66' title='bbox 378 1920 568 2001; x_wconf 68' lang='lat' dir='ltr'><strong>imprudenti</strong></span> <span class='ocrx_word' id='word_1_67' title='bbox 590 1919 633 1983; x_wconf 80' lang='lat' dir='ltr'><strong>cd</strong></span> <span class='ocrx_word' id='word_1_68' title='bbox 655 1919 899 2000; x_wconf 78' lang='lat' dir='ltr'><strong>inprudentiam</strong></span> <span class='ocrx_word' id='word_1_69' title='bbox 922 1920 1006 1999; x_wconf 80' lang='lat' dir='ltr'><strong>cius,</strong></span> <span class='ocrx_word' id='word_1_70' title='bbox 1029 1941 1068 1985; x_wconf 81' lang='lat' dir='ltr'><strong>ac</strong></span> <span class='ocrx_word' id='word_1_71' title='bbox 1090 1922 1210 1987; x_wconf 80' lang='lat' dir='ltr'><strong>similis</strong></span> <span class='ocrx_word' id='word_1_72' title='bbox 1231 1923 1295 2004; x_wconf 66' lang='lat' dir='ltr'><strong>ptos</strong></span> 
     </span>
     <span class='ocr_line' id='line_1_10' title="bbox 172 2023 1334 2108; baseline -0.006 -18"><span class='ocrx_word' id='word_1_73' title='bbox 172 2026 235 2108; x_wconf 80' lang='lat' dir='ltr'><strong>illi,</strong></span> <span class='ocrx_word' id='word_1_74' title='bbox 275 2026 307 2089; x_wconf 85' lang='lat' dir='ltr'><strong>et</strong></span> <span class='ocrx_word' id='word_1_75' title='bbox 333 2025 463 2088; x_wconf 91' lang='lat' dir='ltr'><strong>iterum:</strong></span> <span class='ocrx_word' id='word_1_76' title='bbox 497 2024 534 2087; x_wconf 80' lang='lat' dir='ltr'><strong>ia</strong></span> <span class='ocrx_word' id='word_1_77' title='bbox 555 2043 649 2087; x_wconf 81' lang='lat' dir='ltr'><strong>aures</strong></span> <span class='ocrx_word' id='word_1_78' title='bbox 672 2024 874 2104; x_wconf 72' lang='lat' dir='ltr'><strong>inprudentis</strong></span> <span class='ocrx_word' id='word_1_79' title='bbox 896 2023 966 2088; x_wconf 77' lang='lat' dir='ltr'><strong>nol-i</strong></span> <span class='ocrx_word' id='word_1_80' title='bbox 991 2025 1161 2106; x_wconf 73' lang='lat' dir='ltr'><strong>quicquam</strong></span> <span class='ocrx_word' id='word_1_81' title='bbox 1182 2025 1295 2106; x_wconf 82' lang='lat' dir='ltr'><strong>dicere,</strong></span> <span class='ocrx_word' id='word_1_82' title='bbox 1310 2046 1334 2084; x_wconf 73' lang='grc' dir='ltr'><strong>ιο</strong></span> 
     </span>
     <span class='ocr_line' id='line_1_11' title="bbox 172 2126 1297 2210; baseline 0 -18"><span class='ocrx_word' id='word_1_83' title='bbox 172 2149 221 2210; x_wconf 77' lang='lat' dir='ltr'><strong>ac,</strong></span> <span class='ocrx_word' id='word_1_84' title='bbox 250 2127 376 2209; x_wconf 79' lang='lat' dir='ltr'><strong>quoodo</strong></span> <span class='ocrx_word' id='word_1_85' title='bbox 404 2127 560 2208; x_wconf 76' lang='lat' dir='ltr'><strong>audierit,</strong></span> <span class='ocrx_word' id='word_1_86' title='bbox 595 2126 736 2192; x_wconf 77' lang='lat' dir='ltr'><strong>inrideat</strong></span> <span class='ocrx_word' id='word_1_87' title='bbox 755 2129 896 2191; x_wconf 80' lang='lat' dir='ltr'><strong>sensatos</strong></span> <span class='ocrx_word' id='word_1_88' title='bbox 928 2145 1086 2191; x_wconf 80' lang='lat' dir='ltr'><strong>sermones</strong></span> <span class='ocrx_word' id='word_1_89' title='bbox 1119 2132 1198 2192; x_wconf 78' lang='lat' dir='ltr'><strong>taos.</strong></span> <span class='ocrx_word' id='word_1_90' title='bbox 1239 2128 1297 2197; x_wconf 89' lang='lat' dir='ltr'><strong>sod</strong></span> 
     </span>
     <span class='ocr_line' id='line_1_12' title="bbox 171 2229 1298 2314; baseline -0.001 -18"><span class='ocrx_word' id='word_1_91' title='bbox 171 2232 246 2314; x_wconf 87' lang='lat' dir='ltr'><strong>quia</strong></span> <span class='ocrx_word' id='word_1_92' title='bbox 276 2231 377 2295; x_wconf 88' lang='lat' dir='ltr'><strong>adhuc</strong></span> <span class='ocrx_word' id='word_1_93' title='bbox 408 2230 446 2293; x_wconf 91' lang='lat' dir='ltr'><strong>de</strong></span> <span class='ocrx_word' id='word_1_94' title='bbox 476 2248 633 2294; x_wconf 88' lang='lat' dir='ltr'><strong>armorum</strong></span> <span class='ocrx_word' id='word_1_95' title='bbox 663 2230 789 2294; x_wconf 91' lang='lat' dir='ltr'><strong>tuorum</strong></span> <span class='ocrx_word' id='word_1_96' title='bbox 817 2229 975 2311; x_wconf 87' lang='lat' dir='ltr'><strong>potestate</strong></span> <span class='ocrx_word' id='word_1_97' title='bbox 1005 2230 1036 2293; x_wconf 86' lang='lat' dir='ltr'><strong>ot</strong></span> <span class='ocrx_word' id='word_1_98' title='bbox 1064 2249 1147 2293; x_wconf 88' lang='lat' dir='ltr'><strong>uana</strong></span> <span class='ocrx_word' id='word_1_99' title='bbox 1172 2230 1298 2313; x_wconf 91' lang='lat' dir='ltr'><strong>imperii</strong></span> 
     </span>
     <span class='ocr_line' id='line_1_13' title="bbox 171 2332 1296 2416; baseline 0.002 -19"><span class='ocrx_word' id='word_1_100' title='bbox 171 2335 219 2398; x_wconf 90' lang='lat' dir='ltr'><strong>tui</strong></span> <span class='ocrx_word' id='word_1_101' title='bbox 242 2334 452 2399; x_wconf 88' lang='lat' dir='ltr'><strong>dominatione</strong></span> <span class='ocrx_word' id='word_1_102' title='bbox 474 2333 574 2397; x_wconf 85' lang='lat' dir='ltr'><strong>temet</strong></span> <span class='ocrx_word' id='word_1_103' title='bbox 589 2333 701 2415; x_wconf 80' lang='lat' dir='ltr'><strong>collegi</strong></span> <span class='ocrx_word' id='word_1_104' title='bbox 716 2332 876 2415; x_wconf 90' lang='lat' dir='ltr'><strong>plaudere,</strong></span> <span class='ocrx_word' id='word_1_105' title='bbox 902 2333 985 2413; x_wconf 91' lang='lat' dir='ltr'><strong>quod</strong></span> <span class='ocrx_word' id='word_1_106' title='bbox 1002 2332 1083 2396; x_wconf 92' lang='lat' dir='ltr'><strong>enim</strong></span> <span class='ocrx_word' id='word_1_107' title='bbox 1098 2333 1201 2414; x_wconf 87' lang='lat' dir='ltr'><strong>possis</strong></span> <span class='ocrx_word' id='word_1_108' title='bbox 1217 2354 1296 2416; x_wconf 88' lang='lat' dir='ltr'><strong>quos</strong></span> 
     </span>
     <span class='ocr_line' id='line_1_14' title="bbox 171 2435 1295 2518; baseline 0 -17"><span class='ocrx_word' id='word_1_109' title='bbox 171 2437 292 2501; x_wconf 88' lang='lat' dir='ltr'><strong>ratione</strong></span> <span class='ocrx_word' id='word_1_110' title='bbox 316 2437 468 2501; x_wconf 88' lang='lat' dir='ltr'><strong>debueras</strong></span> <span class='ocrx_word' id='word_1_111' title='bbox 490 2436 522 2500; x_wconf 98' lang='lat' dir='ltr'><strong>in</strong></span> <span class='ocrx_word' id='word_1_112' title='bbox 544 2436 577 2499; x_wconf 95' lang='lat' dir='ltr'><strong>id</strong></span> <span class='ocrx_word' id='word_1_113' title='bbox 600 2436 683 2518; x_wconf 88' lang='lat' dir='ltr'><strong>quod</strong></span> <span class='ocrx_word' id='word_1_114' title='bbox 705 2454 874 2499; x_wconf 89' lang='lat' dir='ltr'><strong>consueras</strong></span> <span class='ocrx_word' id='word_1_115' title='bbox 896 2435 1086 2504; x_wconf 86' lang='lat' dir='ltr'><strong>constituere</strong></span> <span class='ocrx_word' id='word_1_116' title='bbox 1109 2436 1240 2515; x_wconf 90' lang='lat' dir='ltr'><strong>uiolare,</strong></span> <span class='ocrx_word' id='word_1_117' title='bbox 1264 2439 1295 2501; x_wconf 92' lang='lat' dir='ltr'><strong>in</strong></span> 
     </span>
     <span class='ocr_line' id='line_1_15' title="bbox 171 2538 1334 2621; baseline 0 -16"><span class='ocrx_word' id='word_1_118' title='bbox 171 2540 220 2605; x_wconf 89' lang='lat' dir='ltr'><strong>his</strong></span> <span class='ocrx_word' id='word_1_119' title='bbox 250 2541 392 2604; x_wconf 91' lang='lat' dir='ltr'><strong>omnibus</strong></span> <span class='ocrx_word' id='word_1_120' title='bbox 423 2540 535 2621; x_wconf 91' lang='lat' dir='ltr'><strong>quibus</strong></span> <span class='ocrx_word' id='word_1_121' title='bbox 556 2539 589 2603; x_wconf 89' lang='lat' dir='ltr'><strong>te</strong></span> <span class='ocrx_word' id='word_1_122' title='bbox 611 2540 703 2621; x_wconf 86' lang='lat' dir='ltr'><strong>putas</strong></span> <span class='ocrx_word' id='word_1_123' title='bbox 725 2556 875 2621; x_wconf 87' lang='lat' dir='ltr'><strong>magnum</strong></span> <span class='ocrx_word' id='word_1_124' title='bbox 899 2556 967 2602; x_wconf 88' lang='lat' dir='ltr'><strong>esse</strong></span> <span class='ocrx_word' id='word_1_125' title='bbox 990 2539 1022 2602; x_wconf 87' lang='lat' dir='ltr'><strong>te</strong></span> <span class='ocrx_word' id='word_1_126' title='bbox 1044 2538 1195 2602; x_wconf 89' lang='lat' dir='ltr'><strong>misorum</strong></span> <span class='ocrx_word' id='word_1_127' title='bbox 1218 2557 1334 2605; x_wconf 82' lang='lat' dir='ltr'><strong>con-1⁵</strong></span> 
     </span>
     <span class='ocr_line' id='line_1_16' title="bbox 170 2638 1298 2722; baseline 0.004 -18"><span class='ocrx_word' id='word_1_128' title='bbox 170 2641 330 2722; x_wconf 87' lang='lat' dir='ltr'><strong>temnique</strong></span> <span class='ocrx_word' id='word_1_129' title='bbox 354 2659 478 2704; x_wconf 92' lang='lat' dir='ltr'><strong>omnem</strong></span> <span class='ocrx_word' id='word_1_130' title='bbox 495 2639 700 2703; x_wconf 87' lang='lat' dir='ltr'><strong>&#39;carnificinae</strong></span> <span class='ocrx_word' id='word_1_131' title='bbox 722 2639 797 2702; x_wconf 87' lang='lat' dir='ltr'><strong>tuae</strong></span> <span class='ocrx_word' id='word_1_132' title='bbox 819 2638 939 2702; x_wconf 86' lang='lat' dir='ltr'><strong>rabiem</strong></span> <span class='ocrx_word' id='word_1_133' title='bbox 970 2658 988 2702; x_wconf 88' lang='lat' dir='ltr'><strong>a</strong></span> <span class='ocrx_word' id='word_1_134' title='bbox 1011 2640 1112 2704; x_wconf 91' lang='lat' dir='ltr'><strong>seruis</strong></span> <span class='ocrx_word' id='word_1_135' title='bbox 1136 2641 1188 2706; x_wconf 88' lang='lat' dir='ltr'><strong>dei</strong></span> <span class='ocrx_word' id='word_1_136' title='bbox 1210 2644 1298 2709; x_wconf 92' lang='lat' dir='ltr'><strong>uolui</strong></span> 
     </span>
     <span class='ocr_line' id='line_1_17' title="bbox 171 2741 1297 2825; baseline 0.005 -19"><span class='ocrx_word' id='word_1_137' title='bbox 171 2743 231 2808; x_wconf 91' lang='lat' dir='ltr'><strong>isto</strong></span> <span class='ocrx_word' id='word_1_138' title='bbox 254 2743 440 2825; x_wconf 88' lang='lat' dir='ltr'><strong>praesertim</strong></span> <span class='ocrx_word' id='word_1_139' title='bbox 459 2743 538 2808; x_wconf 90' lang='lat' dir='ltr'><strong>libro</strong></span> <span class='ocrx_word' id='word_1_140' title='bbox 562 2742 669 2807; x_wconf 92' lang='lat' dir='ltr'><strong>notum</strong></span> <span class='ocrx_word' id='word_1_141' title='bbox 693 2742 857 2824; x_wconf 90' lang='lat' dir='ltr'><strong>sacrilegio</strong></span> <span class='ocrx_word' id='word_1_142' title='bbox 881 2741 1058 2807; x_wconf 83' lang='lat' dir='ltr'><strong>funestatae</strong></span> <span class='ocrx_word' id='word_1_143' title='bbox 1074 2743 1180 2810; x_wconf 89' lang='lat' dir='ltr'><strong>facere</strong></span> <span class='ocrx_word' id='word_1_144' title='bbox 1196 2748 1297 2812; x_wconf 89' lang='lat' dir='ltr'><strong>menti</strong></span> 
     </span>
     <span class='ocr_line' id='line_1_18' title="bbox 170 2845 1296 2933; baseline 0.005 -25"><span class='ocrx_word' id='word_1_145' title='bbox 170 2846 255 2909; x_wconf 89' lang='lat' dir='ltr'><strong>tuae.</strong></span> <span class='ocrx_word' id='word_1_146' title='bbox 279 2846 311 2909; x_wconf 92' lang='lat' dir='ltr'><strong>te</strong></span> <span class='ocrx_word' id='word_1_147' title='bbox 328 2845 410 2909; x_wconf 92' lang='lat' dir='ltr'><strong>enim</strong></span> <span class='ocrx_word' id='word_1_148' title='bbox 428 2865 500 2910; x_wconf 91' lang='lat' dir='ltr'><strong>cum</strong></span> <span class='ocrx_word' id='word_1_149' title='bbox 521 2846 687 2928; x_wconf 91' lang='lat' dir='ltr'><strong>temporali</strong></span> <span class='ocrx_word' id='word_1_150' title='bbox 710 2845 830 2910; x_wconf 91' lang='lat' dir='ltr'><strong>caduco</strong></span> <span class='ocrx_word' id='word_1_151' title='bbox 852 2845 957 2928; x_wconf 81' lang='lat' dir='ltr'><strong>fragili</strong></span> <span class='ocrx_word' id='word_1_152' title='bbox 980 2847 1176 2930; x_wconf 86' lang='lat' dir='ltr'><strong>corruptibili</strong></span> <span class='ocrx_word' id='word_1_153' title='bbox 1198 2867 1296 2933; x_wconf 86' lang='lat' dir='ltr'><strong>regno</strong></span> 
     </span>
     <span class='ocr_line' id='line_1_19' title="bbox 170 2948 1298 3030; baseline 0.006 -20"><span class='ocrx_word' id='word_1_154' title='bbox 170 2948 226 3012; x_wconf 89' lang='lat' dir='ltr'><strong>tuo</strong></span> <span class='ocrx_word' id='word_1_155' title='bbox 248 2949 453 3013; x_wconf 85' lang='lat' dir='ltr'><strong>transiturum</strong></span> <span class='ocrx_word' id='word_1_156' title='bbox 482 2949 513 3012; x_wconf 93' lang='lat' dir='ltr'><strong>et</strong></span> <span class='ocrx_word' id='word_1_157' title='bbox 536 2948 576 3012; x_wconf 89' lang='lat' dir='ltr'><strong>ad</strong></span> <span class='ocrx_word' id='word_1_158' title='bbox 600 2949 760 3012; x_wconf 89' lang='lat' dir='ltr'><strong>aeternam</strong></span> <span class='ocrx_word' id='word_1_159' title='bbox 786 2967 935 3030; x_wconf 89' lang='lat' dir='ltr'><strong>poenam,</strong></span> <span class='ocrx_word' id='word_1_160' title='bbox 966 2950 1027 3014; x_wconf 91' lang='lat' dir='ltr'><strong>nisi</strong></span> <span class='ocrx_word' id='word_1_161' title='bbox 1056 2950 1113 3015; x_wconf 92' lang='lat' dir='ltr'><strong>tibi</strong></span> <span class='ocrx_word' id='word_1_162' title='bbox 1144 2951 1220 3015; x_wconf 93' lang='lat' dir='ltr'><strong>dum</strong></span> <span class='ocrx_word' id='word_1_163' title='bbox 1249 2953 1298 3017; x_wconf 89' lang='lat' dir='ltr'><strong>est</strong></span> 
     </span>
    </p>
   </div>
   <div class='ocr_carea' id='block_1_3' title="bbox 72 3051 1334 3134">
    <p class='ocr_par' dir='ltr' id='par_1_3' title="bbox 72 3051 1334 3134">
     <span class='ocr_line' id='line_1_20' title="bbox 72 3051 1334 3134; baseline 0.004 -19"><span class='ocrx_word' id='word_1_164' title='bbox 72 3091 73 3094; x_wconf 59' lang='lat'><em>=</em></span> <span class='ocrx_word' id='word_1_165' title='bbox 168 3051 259 3116; x_wconf 92' lang='lat' dir='ltr'><strong>locus</strong></span> <span class='ocrx_word' id='word_1_166' title='bbox 280 3052 464 3133; x_wconf 88' lang='lat' dir='ltr'><strong>prouideris,</strong></span> <span class='ocrx_word' id='word_1_167' title='bbox 493 3054 727 3134; x_wconf 87' lang='lat' dir='ltr'><strong>peruenturum,</strong></span> <span class='ocrx_word' id='word_1_168' title='bbox 758 3052 953 3118; x_wconf 78' lang='lat' dir='ltr'><strong>Christianos</strong></span> <span class='ocrx_word' id='word_1_169' title='bbox 975 3071 1050 3118; x_wconf 89' lang='lat' dir='ltr'><strong>uero</strong></span> <span class='ocrx_word' id='word_1_170' title='bbox 1075 3053 1334 3120; x_wconf 70' lang='lat' dir='ltr'><strong>adaerandis</strong></span> 
     </span>
    </p>
   </div>
   <div class='ocr_carea' id='block_1_4' title="bbox 118 3155 1335 3649">
    <p class='ocr_par' dir='ltr' id='par_1_4' title="bbox 118 3155 1335 3649">
     <span class='ocr_line' id='line_1_21' title="bbox 169 3155 1297 3238; baseline 0.004 -20"><span class='ocrx_word' id='word_1_171' title='bbox 169 3155 319 3218; x_wconf 87' lang='lat' dir='ltr'><strong>uenturos</strong></span> <span class='ocrx_word' id='word_1_172' title='bbox 347 3155 502 3236; x_wconf 86' lang='lat' dir='ltr'><strong>requiem,</strong></span> <span class='ocrx_word' id='word_1_173' title='bbox 532 3155 767 3237; x_wconf 90' lang='lat' dir='ltr'><strong>incorruptibile</strong></span> <span class='ocrx_word' id='word_1_174' title='bbox 796 3173 929 3238; x_wconf 87' lang='lat' dir='ltr'><strong>regnum</strong></span> <span class='ocrx_word' id='word_1_175' title='bbox 952 3156 1175 3221; x_wconf 85' lang='lat' dir='ltr'><strong>consecuturos</strong></span> <span class='ocrx_word' id='word_1_176' title='bbox 1198 3157 1297 3223; x_wconf 83' lang='lat' dir='ltr'><strong>fixum</strong></span> 
     </span>
     <span class='ocr_line' id='line_1_22' title="bbox 171 3257 1296 3341; baseline 0.005 -21"><span class='ocrx_word' id='word_1_177' title='bbox 171 3257 434 3339; x_wconf 88' lang='lat' dir='ltr'><strong>manifestumque</strong></span> <span class='ocrx_word' id='word_1_178' title='bbox 462 3259 577 3323; x_wconf 87' lang='lat' dir='ltr'><strong>habere</strong></span> <span class='ocrx_word' id='word_1_179' title='bbox 600 3260 632 3322; x_wconf 91' lang='lat' dir='ltr'><strong>te</strong></span> <span class='ocrx_word' id='word_1_180' title='bbox 657 3259 810 3324; x_wconf 90' lang='lat' dir='ltr'><strong>uolumus.</strong></span> <span class='ocrx_word' id='word_1_181' title='bbox 850 3277 888 3322; x_wconf 89' lang='lat' dir='ltr'><strong>an</strong></span> <span class='ocrx_word' id='word_1_182' title='bbox 918 3258 1084 3323; x_wconf 82' lang='lat' dir='ltr'><strong>defendere</strong></span> <span class='ocrx_word' id='word_1_183' title='bbox 1113 3259 1296 3341; x_wconf 86' lang='lat' dir='ltr'><strong>temptabis,</strong></span> 
     </span>
     <span class='ocr_line' id='line_1_23' title="bbox 171 3361 1297 3443; baseline 0.003 -19"><span class='ocrx_word' id='word_1_184' title='bbox 171 3361 256 3440; x_wconf 90' lang='lat' dir='ltr'><strong>quod</strong></span> <span class='ocrx_word' id='word_1_185' title='bbox 279 3361 361 3425; x_wconf 91' lang='lat' dir='ltr'><strong>enim</strong></span> <span class='ocrx_word' id='word_1_186' title='bbox 383 3380 439 3443; x_wconf 90' lang='lat' dir='ltr'><strong>per</strong></span> <span class='ocrx_word' id='word_1_187' title='bbox 461 3362 540 3425; x_wconf 92' lang='lat' dir='ltr'><strong>hanc</strong></span> <span class='ocrx_word' id='word_1_188' title='bbox 564 3363 728 3426; x_wconf 85' lang='lat' dir='ltr'><strong>haeresem</strong></span> <span class='ocrx_word' id='word_1_189' title='bbox 753 3362 843 3426; x_wconf 87' lang='lat' dir='ltr'><strong>tuam</strong></span> <span class='ocrx_word' id='word_1_190' title='bbox 864 3362 1140 3443; x_wconf 75' lang='lat' dir='ltr'><strong>&#39;‘conprehensums</strong></span> <span class='ocrx_word' id='word_1_191' title='bbox 1169 3361 1213 3427; x_wconf 89' lang='lat' dir='ltr'><strong>sis</strong></span> <span class='ocrx_word' id='word_1_192' title='bbox 1242 3382 1297 3427; x_wconf 87' lang='lat' dir='ltr'><strong>ro-</strong></span> 
     </span>
     <span class='ocr_line' id='line_1_24' title="bbox 168 3464 1297 3546; baseline 0.004 -20"><span class='ocrx_word' id='word_1_193' title='bbox 168 3479 265 3542; x_wconf 91' lang='lat' dir='ltr'><strong>gnum</strong></span> <span class='ocrx_word' id='word_1_194' title='bbox 294 3465 469 3542; x_wconf 88' lang='lat' dir='ltr'><strong>caelorum,</strong></span> <span class='ocrx_word' id='word_1_195' title='bbox 503 3465 538 3527; x_wconf 87' lang='lat' dir='ltr'><strong>tu</strong></span> <span class='ocrx_word' id='word_1_196' title='bbox 569 3465 622 3546; x_wconf 92' lang='lat' dir='ltr'><strong>qui</strong></span> <span class='ocrx_word' id='word_1_197' title='bbox 652 3483 725 3529; x_wconf 93' lang='lat' dir='ltr'><strong>cum</strong></span> <span class='ocrx_word' id='word_1_198' title='bbox 754 3464 1032 3546; x_wconf 88' lang='lat' dir='ltr'><strong>conpestilentibus</strong></span> <span class='ocrx_word' id='word_1_199' title='bbox 1061 3465 1125 3529; x_wconf 85' lang='lat' dir='ltr'><strong>tuis</strong></span> <span class='ocrx_word' id='word_1_200' title='bbox 1153 3465 1297 3530; x_wconf 84' lang='lat' dir='ltr'><strong>Arrianis</strong></span> 
     </span>
     <span class='ocr_line' id='line_1_25' title="bbox 118 3563 1335 3649; baseline 0.007 -24"><span class='ocrx_word' id='word_1_201' title='bbox 118 3591 122 3599; x_wconf 90' lang='lat'><strong>·</strong></span> <span class='ocrx_word' id='word_1_202' title='bbox 170 3563 294 3645; x_wconf 85' lang='lat' dir='ltr'><strong>timens,</strong></span> <span class='ocrx_word' id='word_1_203' title='bbox 318 3586 357 3630; x_wconf 89' lang='lat' dir='ltr'><strong>ne</strong></span> <span class='ocrx_word' id='word_1_204' title='bbox 381 3567 503 3632; x_wconf 88' lang='lat' dir='ltr'><strong>anobis</strong></span> <span class='ocrx_word' id='word_1_205' title='bbox 519 3566 706 3632; x_wconf 78' lang='lat' dir='ltr'><strong>Christianis</strong></span> <span class='ocrx_word' id='word_1_206' title='bbox 727 3567 867 3632; x_wconf 86' lang='lat' dir='ltr'><strong>reuictus</strong></span> <span class='ocrx_word' id='word_1_207' title='bbox 889 3586 1000 3631; x_wconf 89' lang='lat' dir='ltr'><strong>manus</strong></span> <span class='ocrx_word' id='word_1_208' title='bbox 1025 3566 1100 3631; x_wconf 90' lang='lat' dir='ltr'><strong>dare</strong></span> <span class='ocrx_word' id='word_1_209' title='bbox 1124 3567 1294 3649; x_wconf 87' lang='lat' dir='ltr'><strong>aliquando</strong></span> <span class='ocrx_word' id='word_1_210' title='bbox 1312 3581 1335 3621; x_wconf 80' lang='lat'><strong>²⁵</strong></span> 
     </span>
    </p>
   </div>
   <div class='ocr_carea' id='block_1_5' title="bbox 274 3751 734 3817">
    <p class='ocr_par' dir='ltr' id='par_1_5' title="bbox 274 3751 734 3817">
     <span class='ocr_line' id='line_1_26' title="bbox 274 3751 734 3817; baseline 0.007 -13"><span class='ocrx_word' id='word_1_211' title='bbox 274 3751 290 3804; x_wconf 92' lang='lat'>8</span> <span class='ocrx_word' id='word_1_212' title='bbox 307 3751 384 3804; x_wconf 90' lang='lat' dir='ltr'><strong>Prou.</strong></span> <span class='ocrx_word' id='word_1_213' title='bbox 403 3753 445 3817; x_wconf 83' lang='lat'><strong>26,</strong></span> <span class='ocrx_word' id='word_1_214' title='bbox 464 3753 481 3805; x_wconf 83' lang='lat'>4</span> <span class='ocrx_word' id='word_1_215' title='bbox 552 3753 584 3806; x_wconf 90' lang='grc'><strong>10</strong></span> <span class='ocrx_word' id='word_1_216' title='bbox 602 3752 637 3806; x_wconf 92' lang='lat' dir='ltr'><strong>ib.</strong></span> <span class='ocrx_word' id='word_1_217' title='bbox 657 3753 699 3817; x_wconf 80' lang='lat'><strong>23,</strong></span> <span class='ocrx_word' id='word_1_218' title='bbox 718 3754 734 3807; x_wconf 87' lang='lat'>9</span> 
     </span>
    </p>
   </div>
   <div class='ocr_carea' id='block_1_6' title="bbox 169 3920 1301 4195">
    <p class='ocr_par' dir='ltr' id='par_1_6' title="bbox 169 3920 1301 4195">
     <span class='ocr_line' id='line_1_27' title="bbox 222 3920 1298 4034; baseline 0.008 -28"><span class='ocrx_word' id='word_1_219' title='bbox 222 3954 239 4005; x_wconf 86' lang='lat'>4</span> <span class='ocrx_word' id='word_1_220' title='bbox 256 3920 432 4023; x_wconf 55' lang='lat' dir='ltr'><strong>comperimus</strong></span> <span class='ocrx_word' id='word_1_221' title='bbox 504 3955 536 4008; x_wconf 83' lang='lat'><strong>13</strong></span> <span class='ocrx_word' id='word_1_222' title='bbox 553 3957 637 4009; x_wconf 86' lang='lat' dir='ltr'><strong>temet</strong></span> <span class='ocrx_word' id='word_1_223' title='bbox 649 3956 752 4025; x_wconf 77' lang='lat' dir='ltr'><strong>scripsi</strong></span> <span class='ocrx_word' id='word_1_224' title='bbox 771 3957 821 4025; x_wconf 77' lang='lat' dir='ltr'><strong>(mo</strong></span> <span class='ocrx_word' id='word_1_225' title='bbox 833 3958 861 4009; x_wconf 87' lang='lat' dir='ltr'><strong>te</strong></span> <span class='ocrx_word' id='word_1_226' title='bbox 873 3955 1018 4025; x_wconf 74' lang='lat' dir='ltr'><strong>tibimetfl,</strong></span> <span class='ocrx_word' id='word_1_227' title='bbox 1032 3959 1117 4034; x_wconf 83' lang='lat' dir='ltr'><strong>timet</strong></span> <span class='ocrx_word' id='word_1_228' title='bbox 1133 3959 1163 4027; x_wconf 87' lang='lat' dir='ltr'><strong>V,</strong></span> <span class='ocrx_word' id='word_1_229' title='bbox 1181 3960 1261 4015; x_wconf 85' lang='lat' dir='ltr'><strong>times</strong></span> <span class='ocrx_word' id='word_1_230' title='bbox 1273 3978 1298 4023; x_wconf 84' lang='lat' dir='ltr'><strong>o,</strong></span> 
     </span>
     <span class='ocr_line' id='line_1_28' title="bbox 169 4037 1301 4111; baseline 0.005 -18"><span class='ocrx_word' id='word_1_231' title='bbox 169 4037 265 4093; x_wconf 88' lang='lat' dir='ltr'><strong>itumes</strong></span> <span class='ocrx_word' id='word_1_232' title='bbox 282 4041 352 4096; x_wconf 80' lang='lat' dir='ltr'><strong>coni.</strong></span> <span class='ocrx_word' id='word_1_233' title='bbox 372 4041 472 4108; x_wconf 78' lang='lat' dir='ltr'><strong>Tiliae,</strong></span> <span class='ocrx_word' id='word_1_234' title='bbox 490 4043 517 4093; x_wconf 86' lang='lat' dir='ltr'><strong>te</strong></span> <span class='ocrx_word' id='word_1_235' title='bbox 534 4040 586 4094; x_wconf 89' lang='lat' dir='ltr'><strong>tibi</strong></span> <span class='ocrx_word' id='word_1_236' title='bbox 603 4042 674 4096; x_wconf 80' lang='lat' dir='ltr'><strong>coni.</strong></span> <span class='ocrx_word' id='word_1_237' title='bbox 690 4041 761 4096; x_wconf 79' lang='lat' dir='ltr'><strong>Gall.</strong></span> <span class='ocrx_word' id='word_1_238' title='bbox 840 4041 872 4094; x_wconf 83' lang='lat'><strong>15</strong></span> <span class='ocrx_word' id='word_1_239' title='bbox 890 4042 1088 4111; x_wconf 88' lang='lat' dir='ltr'><strong>contempnique</strong></span> <span class='ocrx_word' id='word_1_240' title='bbox 1164 4044 1196 4097; x_wconf 90' lang='lat'><strong>19</strong></span> <span class='ocrx_word' id='word_1_241' title='bbox 1214 4047 1301 4099; x_wconf 79' lang='lat' dir='ltr'><strong>trans·</strong></span> 
     </span>
     <span class='ocr_line' id='line_1_29' title="bbox 181 4126 1298 4195; baseline 0.007 -18"><span class='ocrx_word' id='word_1_242' title='bbox 181 4126 268 4178; x_wconf 87' lang='lat' dir='ltr'><strong>torum</strong></span> <span class='ocrx_word' id='word_1_243' title='bbox 373 4126 405 4180; x_wconf 79' lang='lat'><strong>21</strong></span> <span class='ocrx_word' id='word_1_244' title='bbox 424 4126 648 4195; x_wconf 83' lang='lat' dir='ltr'><strong>incorruptibilem</strong></span> <span class='ocrx_word' id='word_1_245' title='bbox 751 4126 784 4180; x_wconf 81' lang='grc'><strong>22</strong></span> <span class='ocrx_word' id='word_1_246' title='bbox 807 4126 941 4182; x_wconf 84' lang='lat' dir='ltr'><strong>tefendere</strong></span> <span class='ocrx_word' id='word_1_247' title='bbox 965 4133 1033 4182; x_wconf 75' lang='lat' dir='ltr'><strong>nal</strong></span> <span class='ocrx_word' id='word_1_248' title='bbox 1056 4129 1087 4192; x_wconf 92' lang='lat' dir='ltr'><strong>V,</strong></span> <span class='ocrx_word' id='word_1_249' title='bbox 1110 4129 1138 4182; x_wconf 85' lang='lat' dir='ltr'><strong>te</strong></span> <span class='ocrx_word' id='word_1_250' title='bbox 1157 4127 1298 4185; x_wconf 84' lang='lat' dir='ltr'><strong>defendere</strong></span> 
     </span>
    </p>
   </div>
   <div class='ocr_carea' id='block_1_7' title="bbox 167 4201 734 4298">
    <p class='ocr_par' dir='ltr' id='par_1_7' title="bbox 167 4201 734 4298">
     <span class='ocr_line' id='line_1_30' title="bbox 167 4201 734 4298; baseline 0.007 -17"><span class='ocrx_word' id='word_1_251' title='bbox 167 4226 237 4292; x_wconf 80' lang='lat' dir='ltr'><strong>sort.</strong></span> <span class='ocrx_word' id='word_1_252' title='bbox 306 4201 543 4298; x_wconf 62' lang='lat' dir='ltr'><strong>24⁰⁰pestilentibus</strong></span> <span class='ocrx_word' id='word_1_253' title='bbox 560 4229 603 4298; x_wconf 76' lang='lat' dir='ltr'><strong>(⁸⁰n</strong></span> <span class='ocrx_word' id='word_1_254' title='bbox 621 4248 654 4285; x_wconf 86' lang='lat' dir='ltr'><strong>m.</strong></span> <span class='ocrx_word' id='word_1_255' title='bbox 674 4231 734 4298; x_wconf 78' lang='lat' dir='ltr'><strong>alt.)</strong></span> 
     </span>
    </p>
   </div>
   <div class='ocr_carea' id='block_1_8' title="bbox 0 0 1430 4754">
    <p class='ocr_par' dir='ltr' id='par_1_8' title="bbox 0 0 1430 4754">
     <span class='ocr_line' id='line_1_31' title="bbox 0 0 1430 4754; baseline 0 2"><span class='ocrx_word' id='word_1_256' title='bbox 0 0 1430 4754; x_wconf 95' lang='lat' dir='ltr'><strong> </strong></span> 
     </span>
    </p>
   </div>
  </div>
 </body>
</html>
