2850 4754
495 350 537 404 De
555 351 646 404 sancto
663 349 810 405 Athanasio
827 349 896 402 liber
913 349 945 403 Π.
1223 350 1286 421 183

164 558 231 608 uem
252 540 381 609 dicere:
399 541 597 622 potientium
618 539 696 605 habe
717 541 754 604 iu
776 560 834 621 me,
862 544 890 604 et
917 541 1025 604 omuia
1053 539 1186 604 reddam
1216 540 1282 604 tibi.

163 644 307 711 misertus
329 646 434 708 auum
456 642 606 708 domiuus
628 645 715 708 serui
737 642 827 708 ittius
849 643 971 707 dimisit
998 663 1069 706 eum
1100 646 1129 705 et
1150 642 1287 708 11εὸ1111111

162 746 285 811 dimisit
305 746 344 810 ei.
369 763 509 828 opressus
532 749 639 810 autem
661 765 773 810 seruus
794 745 850 810 itte
871 746 997 809 iuueuit
1019 765 1123 808 uuum
1151 764 1190 809 cre
1213 764 1285 809 eou-

162 849 263 915 scruis
283 848 352 913 suis
367 847 423 929 qui
440 847 566 914 debebat
581 849 611 911 ei
628 853 752 914 emtum
766 849 925 925 denarios,
948 854 976 912 et
988 853 1097 913 terreus
1111 848 1287 929 suffocabat

141 971 232 1018 scum
252 953 378 1018 diceus:
400 951 493 1018 redde
508 952 589 1033 quod
611 952 709 1018 debes.
733 956 763 1017 et
771 953 940 1034 procidens
956 971 1069 1017 seruus
1085 950 1138 1015 ilie
1152 951 1282 1034 reputat

163 1073 232 1118 eum
247 1055 374 1121 diceus:
390 1055 587 1135 patientiam
602 1055 680 1120 ecoe
694 1056 731 1119 ire
746 1077 803 1133 me,
826 1061 857 1120 et
869 1056 999 1120 reddam
1019 1056 1085 1120 tibi.
1110 1055 1167 1120 ille
1182 1060 1286 1120 autem

163 1157 275 1236 reduit,
310 1157 364 1223 sed
392 1158 474 1223 abiit
505 1163 535 1223 et
562 1160 650 1224 misit
676 1179 748 1223 euru
770 1160 807 1222 iu
829 1179 994 1241 carcerem,
1028 1160 1123 1225 douec
1146 1159 1286 1224 redduci

163 1261 307 1327 debitum.
330 1261 474 1327 uidemes
496 1266 603 1326 autem
624 1263 772 1327 couscrui
793 1263 861 1326 eius
876 1282 957 1343 puae
971 1262 1091 1343 detaut
1106 1261 1286 1327 contristat

162 1370 245 1442 suu,
267 1369 297 1430 ct
310 1370 467 1430 umerum
482 1370 510 1429 et
525 1369 748 1432 uarruueruut
762 1366 892 1431 domiuo
907 1383 963 1429 suo
978 1367 1088 1430 omuia
1104 1385 1184 1446 quac
1198 1365 1286 1446 facto

131 1472 261 1533 uerunt.
294 1472 370 1532 tuuc
390 1469 517 1532 uocmeit
539 1488 609 1532 eum
631 1469 780 1533 domiuus
801 1486 878 1532 suus
900 1471 931 1532 et
951 1468 1001 1532 ait
1021 1467 1093 1535 itti:
1120 1488 1209 1533 scruc
1231 1487 1286 1533 ue·

163 1593 267 1654 quom,
291 1592 383 1638 omre
397 1573 533 1638 debitum
553 1573 665 1638 remisi
686 1573 753 1657 tibi,
776 1572 855 1652 puiu
877 1574 998 1655 reposti
1020 1593 1067 1637 me
1074 1591 1086 1650 ;
1109 1592 1174 1636 mou
1193 1590 1285 1653 opor-

162 1678 222 1742 tuit
241 1680 271 1741 te
292 1695 412 1758 quoque
433 1677 575 1741 misereri
597 1695 744 1741 conseruo
758 1672 819 1755 tuo',
835 1676 917 1739 sieut
935 1679 965 1738 et
985 1694 1038 1757 epo
1052 1676 1199 1741 misertus
1214 1694 1284 1739 sum

162 1780 243 1846 titi?
265 1783 293 1844 et
315 1781 421 1844 iratus
442 1779 591 1844 domiuus
618 1780 685 1844 eius
714 1778 852 1843 tradidit
878 1798 949 1842 eum
971 1779 1152 1863 tortoribus,
1182 1777 1285 1859 quood

162 1897 259 1965 usque
280 1882 420 1948 redderet
441 1884 630 1949 uniuersum
651 1883 801 1948 debitum.
847 1881 892 1947 sie
914 1886 942 1946 et
965 1882 1054 1946 uobis
1075 1881 1173 1961 faciet
1188 1886 1285 1963 pater

129 2004 151 2047 n
164 2007 250 2052 meus
271 1987 328 2069 qui
348 1987 385 2052 iu
407 1987 503 2053 caetis
525 1992 578 2066 est,
608 1987 638 2052 si
659 2007 725 2051 uou
747 1987 931 2052 remiseritis
952 1985 1167 2066 uuusquisque
1188 1983 1288 2063 fratri

162 2109 217 2156 suo
239 2090 278 2155 de
299 2090 446 2156 cordibus
473 2092 596 2156 uestris.
641 2089 717 2171 quid
745 2089 917 2172 respondes
948 2089 1093 2154 adhaec
1121 2088 1167 2166 tu,
1197 2086 1286 2150 cuius

162 2194 276 2259 montis
299 2194 382 2259 oculi
410 2193 518 2258 uidere
547 2192 675 2257 minime
704 2193 864 2274 potuerint
886 2195 964 2257 haec
989 2209 1069 2273 quae
1091 2189 1287 2272 praeceperit

162 2296 229 2360 fieri
253 2296 418 2361 dominus?
441 2295 495 2360 nbi
516 2295 606 2377 ponis
621 2294 701 2359 illud
717 2295 800 2377 quod
815 2313 916 2377 neque
933 2295 964 2358 in
979 2294 1012 2357 te
1027 2311 1128 2374 neque
1144 2292 1177 2355 in
1194 2291 1287 2355 deum

163 2400 339 2482 deliquerit,
370 2399 427 2464 sed
456 2399 497 2463 sit
526 2397 684 2462 sustinens
707 2398 970 2480 persecutionem,
1001 2415 1057 2460 cur
1080 2394 1286 2476 apostolicum

125 2503 268 2569 ”teneat
289 2502 395 2579 fidem,
420 2521 475 2566 cnr
490 2501 568 2566 nolit
583 2500 652 2565 fieri
669 2502 706 2564 ut
719 2502 755 2565 tu
772 2520 806 2565 es
822 2501 1017 2583 sacrilegus?
1039 2498 1172 2562 firmasti
1187 2497 1287 2561 inter-

161 2606 256 2672 ficere
271 2606 415 2671 ueritatis
430 2605 681 2687 praedicatorem
696 2605 825 2686 cupiens
839 2604 871 2667 in
889 2622 924 2667 eo
940 2603 972 2666 te
988 2600 1145 2665 conlocari
1161 2601 1286 2679 honore,

160 2708 192 2775 in
215 2728 276 2791 quo
299 2709 373 2773 sunt
393 2708 441 2772 illi
463 2727 540 2790 qnos
554 2708 587 2772 in
604 2707 767 2790 euangelio
784 2707 816 2771 et
830 2705 1053 2789 prophetarum
1069 2702 1286 2767 interfectores

162 2812 309 2895 designet
332 2811 475 2876 dominns
499 2812 530 2874 et
544 2811 658 2893 impias
673 2829 785 2876 manus
802 2810 960 2891 adipsum
976 2807 1073 2872 etiam
1088 2806 1286 2888 porrecturos

164 2914 263 2996 aperit
286 2914 409 2979 dicens:
432 2914 521 2979 tomo
542 2919 611 2980 erat
627 2914 873 2997 paterfamilias
894 2913 949 2995 qui
967 2911 1139 2993 plecterit
1158 2910 1288 2975 uiueam

126 3023 191 3083 ea
217 3037 320 3098 sepem
348 3017 557 3084 circumdedit
582 3023 610 3083 et
638 3017 718 3098 fodit
745 3018 783 3081 iu
811 3036 848 3081 ea
877 3014 1019 3080 torcular
1048 3018 1077 3078 et
1099 3012 1284 3096 aedidcouit

164 3124 284 3185 turrem
305 3125 337 3186 et
358 3120 475 3185 locauit
496 3141 566 3186 cum
588 3119 716 3203 colomis,
746 3123 777 3186 et
797 3139 926 3201 perepre
943 3119 1106 3202 profectus
1126 3123 1180 3184 est.
1218 3136 1287 3183 cum

163 3227 286 3304 tempus
307 3228 412 3288 autem
432 3223 594 3304 fruetuum
616 3223 912 3304 adpropinquasset,
935 3223 1025 3288 misit
1038 3241 1143 3288 sums
1158 3239 1230 3286 suos
1245 3217 1288 3285 ad

163 3324 292 3406 colores,
314 3330 352 3390 ut
372 3328 526 3408 acceperet
547 3326 585 3391 de
606 3325 764 3408 fructibus
785 3326 871 3405 suis;
900 3330 931 3391 et
956 3326 1061 3393 colori
1081 3322 1287 3408 adprehensis

163 3430 265 3497 seruis
277 3449 379 3494 uuum
394 3431 581 3512 cecideruut,
599 3430 702 3495 utimr
716 3433 822 3497 mtcm
837 3428 1076 3511 lapidandum,
1093 3428 1196 3492 atium
1210 3443 1285 3491 uero

125 3542 152 3589 θ’
163 3531 351 3598 cecideruut.
374 3534 492 3597 iterum
513 3533 603 3597 misit
624 3533 668 3599 ad
689 3531 761 3597 ilios
781 3551 887 3597 seruos
899 3531 1020 3616 piures,
1042 3534 1074 3595 et
1085 3531 1227 3613 feceruut
1241 3525 1287 3593 eis

164 3635 323 3702 similiter.
368 3637 539 3702 amusime
567 3640 674 3701 autem
703 3635 793 3700 misit
818 3634 888 3700 iilis
914 3634 1021 3718 ptime
1042 3652 1135 3698 suum
1156 3631 1287 3716 armum

164 3737 288 3803 dicem:
309 3739 501 3803 uerebuutur
519 3738 626 3821 fitium
647 3759 761 3804 meum.
786 3737 890 3803 coioui
905 3742 1009 3801 autem
1029 3735 1171 3800 uidentes
1185 3733 1288 3810 titium

267 3976 303 4031 24
320 3976 417 4032 Maur
435 3977 478 4042 21,
497 3977 598 4031 33-41

213 4178 365 4237 ddinarios
446 4180 509 4233 9et
526 4182 700 4235 nerreuemnt
717 4181 749 4234 iu
765 4168 990 4252 mp.m.1ddd.
1071 4153 1120 4251 qne
1202 4180 1234 4236 16
1251 4195 1288 4234 re·

163 4265 270 4334 eponffis
340 4265 372 4319 18
391 4268 453 4335 quot
523 4266 557 4320 23
574 4269 771 4336 porrecturuse
838 4266 872 4321 29
890 4267 1033 4324 alterumo
