2850 4754
500 406 541 459 De
560 407 652 458 saneto
671 403 818 457 Athanasio
836 402 940 456 liherl
1244 401 1286 467 95

163 595 270 678 Achab
294 596 384 659 tuum
412 592 639 675 coapostatam,
669 592 701 655 et
730 590 871 655 inuenies
898 590 931 653 to
961 607 1030 654 esse
1052 590 1145 654 hodie
1168 589 1287 654 Achab.

162 699 255 778 uiuit,
279 697 382 779 inquit
398 695 519 771 Helias,
542 695 699 770 domiuus,
723 694 775 758 aui
798 693 916 757 adsisto
938 696 1234 775 antecameram,
1257 696 1286 757 si

162 803 221 863 erit
243 802 343 864 amuis
366 801 437 864 istis
459 818 512 863 ros
535 797 704 878 etpotamo,
727 798 793 860 uisi
807 817 865 876 per
879 797 1010 860 uerbum
1025 798 1091 859 oris
1106 798 1176 860 mei.
1202 796 1287 878 quod

162 903 270 984 utique
294 921 366 966 cum
381 902 546 984 impletum
562 899 682 976 luisset,
707 898 860 963 debuerat
874 917 985 963 uecors
1000 916 1189 981 cognoscere
1212 918 1287 962 uere

133 1004 256 1069 sdeum
279 1004 381 1069 solum
403 1004 564 1085 potentem
591 1001 694 1065 totum
721 1019 781 1065 non
811 1000 907 1064 trisse
936 1001 996 1065 nisi
1024 1001 1114 1065 illum
1142 1002 1193 1066 cui
1222 1021 1286 1066 ser-

161 1109 243 1172 uirot
264 1108 386 1173 Helias.
411 1105 488 1189 quid
511 1105 577 1187 agit
600 1105 731 1168 Achab?
754 1103 843 1167 uidet
863 1122 918 1185 per
932 1104 1101 1168 triennium
1117 1106 1148 1167 et
1165 1123 1200 1169 eo
1217 1123 1287 1168 am-

161 1210 243 1293 plius
266 1230 327 1275 nou
352 1228 421 1274 esse
444 1208 594 1290 pluuiam,
629 1209 660 1272 et
681 1208 784 1289 magis
815 1208 863 1271 est
890 1207 983 1271 idolis
1007 1210 1156 1286 seruiens,
1185 1209 1287 1291 magis

163 1315 210 1378 est
233 1315 363 1396 cupiens
385 1311 563 1377 interficere
584 1310 719 1375 Heliam.
767 1309 856 1373 audit
879 1310 930 1374 dei
951 1311 1104 1392 propheta
1118 1329 1172 1376 ore
1187 1311 1287 1375 saeri-

160 1416 224 1499 legi
248 1416 373 1481 Achab:
396 1417 426 1480 si
449 1420 483 1478 tu
505 1434 537 1478 es
558 1416 634 1495 ipse,
658 1415 714 1494 qui
737 1415 852 1476 mertis
874 1412 1005 1477 Israel?
1028 1414 1072 1478 sia
1098 1415 1129 1478 et
1150 1415 1185 1479 tu
1209 1415 1288 1479 dicis

120 1535 151 1574 10
163 1518 335 1583 Athanasio
365 1518 419 1582 uel
440 1517 540 1593 nobis,
565 1517 648 1598 quod
672 1516 754 1579 enim
777 1533 834 1579 uos
857 1534 964 1580 sumus
980 1517 1140 1581 uertentes
1163 1517 1214 1581 dei
1229 1536 1288 1600 po-

162 1621 281 1702 pulum,
306 1640 379 1684 eum
401 1620 495 1683 tusis
513 1618 553 1683 ad
568 1621 657 1682 tuam
675 1618 907 1700 suscipiendam
922 1619 1078 1683 haeresim
1095 1620 1288 1685 Christianos

164 1742 351 1788 conuoeans.
399 1723 455 1787 sed
479 1721 571 1786 audis
595 1721 723 1785 anobis
752 1739 833 1802 quae
857 1720 958 1784 audiit
979 1722 1088 1786 Achab
1110 1723 1164 1787 ille
1187 1723 1289 1787 cultor

162 1826 363 1893 idololatriae
388 1828 426 1891 ab
447 1826 542 1890 Helia
556 1826 710 1908 glorioso:
734 1846 800 1890 aaa
822 1845 880 1889 aas
901 1828 1070 1890 euertimus
1085 1827 1136 1889 dei
1151 1829 1288 1904 domum,

163 1930 216 1993 sed
238 1932 352 1994 euertis
374 1936 409 1994 tu
432 1936 459 1994 et
482 1931 593 1993 domm
611 1930 718 2009 patris
740 1931 798 1992 tui.
824 1930 878 1992 aut
900 1928 1029 2013 negabis
1052 1928 1130 1991 nihil
1143 1929 1175 1992 te
1199 1930 1288 2011 eogi-

128 2033 241 2109 1⁵tare‚
266 2033 326 2096 nisi
348 2034 384 2096 ut
407 2051 514 2098 omnes
537 2051 593 2097 nos
617 2033 816 2114 coapostatas
840 2031 958 2095 atheias
980 2031 1073 2095 tuos?

205 2134 309 2199 XVII.
333 2134 397 2200 Sed
420 2137 456 2199 ut
471 2154 637 2218 coeperam
661 2135 699 2199 de
714 2135 827 2199 Heliae
851 2135 883 2198 et
898 2134 1007 2199 Achab
1024 2134 1128 2198 dicere
1148 2135 1287 2200 actibus:

163 2241 194 2323 et
214 2238 298 2302 ulau
320 2238 453 2303 Helias:
475 2259 528 2322 epo
551 2259 616 2303 uou
637 2242 726 2302 uerte
750 2238 866 2312 Israel,
892 2238 946 2301 sed
959 2238 1074 2301 euertis
1089 2241 1124 2301 tu
1137 2241 1168 2301 et
1180 2239 1289 2303 domus

158 2342 269 2423 patris
289 2342 347 2417 tui,
371 2341 447 2405 dum
461 2342 645 2423 relinquitis
666 2359 721 2404 uos
736 2340 901 2404 dauliuam
918 2339 1009 2403 deum
1024 2345 1166 2403 austrum
1188 2346 1216 2404 et
1234 2343 1290 2405 itis

160 2449 232 2524 post
254 2443 357 2507 Baal.
396 2449 426 2508 et
454 2464 542 2508 auae
563 2444 651 2507 mitte
679 2447 709 2506 et
729 2463 882 2525 eomprepa
904 2441 948 2504 ad
970 2462 1018 2506 me
1039 2463 1160 2507 martem
1183 2444 1289 2509 Israel

128 2575 152 2615 so
165 2548 200 2611 iu
227 2552 362 2610 meatem
392 2545 531 2612 Carmeli
560 2550 589 2610 et
611 2545 783 2628 propbetas
812 2545 1008 2626 coususioais
1041 2548 1289 2630 quadrimanus

166 2642 402 2731 quiuqaapiata
431 2654 460 2713 et
483 2649 657 2729 prophetas
686 2648 829 2712 lucorum
862 2648 1126 2730 quadriremibus,
1156 2651 1289 2714 mamalu-

166 2757 273 2816 eautes
295 2757 323 2816 et
345 2752 481 2817 bibentes
503 2753 540 2814 ia
563 2771 671 2815 measa
694 2750 829 2816 Iezabel.
873 2755 902 2814 et
930 2751 1019 2814 misit
1038 2771 1094 2814 rea
1114 2752 1225 2816 Achab
1247 2754 1290 2817 acl

165 2874 287 2918 ommam
302 2854 410 2919 Israel
433 2859 463 2918 et
481 2854 603 2936 eollepit
625 2873 732 2918 omues
747 2853 921 2935 propbetas
935 2854 972 2916 ia
988 2858 1123 2917 montem
1140 2853 1288 2920 Carmeli.

166 2961 195 3022 et
217 2959 346 3022 accessit
369 2957 483 3022 Helias
505 2957 548 3020 acl
570 2977 676 3021 omues
697 2962 726 3020 et
740 2957 824 3021 etiait
838 2957 899 3020 eis:
921 2975 1077 3037 usquequo
1092 2977 1149 3021 uos
1165 2958 1288 3023 cluuili-

129 3087 153 3126 a
166 3061 246 3124 eatis
269 3080 364 3124 seusa
385 3062 515 3125 uestro?
558 3062 588 3124 si
609 3065 656 3125 est
676 3061 824 3124 domiuus
845 3061 931 3140 dem,
951 3062 993 3123 ite
1008 3064 1083 3140 post
1103 3061 1217 3142 ipsum.
1259 3062 1288 3124 si

166 3166 273 3226 autem
296 3162 387 3226 Baal
409 3166 463 3242 est,
487 3163 529 3225 ite
544 3166 622 3242 post
643 3162 746 3226 illum.
771 3166 799 3225 et
822 3182 888 3225 aaa
909 3162 1071 3243 respoudit
1084 3163 1137 3227 illi
1149 3164 1289 3244 populus

165 3264 304 3329 uerbum.
327 3268 356 3328 et
370 3265 454 3328 oliait
468 3262 581 3327 Helias
597 3264 640 3327 ad
649 3264 805 3345 populum
820 3263 945 3329 diceas:
967 3285 1020 3348 epo
1035 3267 1188 3346 saperaui
1203 3265 1289 3329 sams

160 3366 390 3448 prophetarum
412 3367 534 3431 domiui
556 3385 650 3443 uuas,
674 3370 703 3430 et
718 3364 895 3447 prophetae
916 3366 1012 3431 buius
1029 3368 1121 3432 Baal
1135 3369 1289 3448 quadria-

164 3471 251 3551 peati
274 3469 509 3554 quiaquaptuta
530 3468 600 3532 uiri
626 3473 654 3531 et
671 3467 847 3548 prophetae
876 3466 1018 3532 laceram
1047 3469 1291 3550 quadrimatum

129 3572 279 3638 adeatur
300 3592 372 3653 erpa
396 3571 484 3635 uobis
505 3570 566 3634 duo
588 3571 687 3650 boues,
716 3575 745 3634 et
766 3570 889 3653 eliquat
909 3571 971 3634 sibi
992 3571 1044 3635 illi
1065 3591 1166 3634 uuum
1189 3576 1217 3635 el
1239 3571 1290 3635 de-

166 3674 343 3750 membreat,
367 3678 396 3737 et
417 3675 579 3754 iupoaaat
600 3694 670 3737 eum
692 3694 788 3754 super
809 3673 933 3756 liquam
955 3678 983 3737 et
1005 3675 1110 3756 ipaem
1130 3694 1197 3738 aaa
1219 3675 1289 3738 sub-

269 3927 515 3996 ufflueg.17,1
587 3928 769 3993 eib.18,17
840 3930 1108 3995 luib.18‚18-46

220 4151 361 4205 Auaecors
452 4169 575 4206 namma
666 4153 783 4222 6achap
802 4159 869 4207 ua1
964 4155 997 4207 12
1014 4154 1098 4224 acaph
1185 4156 1217 4208 13
1235 4154 1290 4210 ido-

168 4238 262 4291 latriae
366 4239 397 4290 15
417 4241 603 4307 quoapostatas
626 4244 694 4293 m.1
798 4240 830 4292 18
853 4241 904 4294 ites
922 4246 989 4294 m.1
1094 4242 1126 4293 19
1144 4240 1225 4294 bahal

169 4323 203 4376 22
221 4322 327 4376 zezabel
396 4324 429 4377 28
447 4339 513 4378 unus
532 4326 673 4392 eaprmait
690 4325 828 4379 Latmius
