2850 4754
619 367 769 421 Luciiori

253 688 473 799 ivonem
490 691 557 777 no
574 572 881 777 raddssnnuru
898 688 1139 777 unsrun.
1155 760 1176 781 ,.

244 880 418 930 nonturno
435 889 594 931 mamerco
611 890 802 932 errrorem
817 888 949 932 Lucmrn
962 888 1138 930 EPISGOPVS·

178 1000 303 1067 Codicis
324 1003 513 1084 perlatorem
536 1024 629 1087 quem
643 1004 797 1068 memorat
811 1000 1045 1070 honorificentia
1061 999 1251 1069 tuanomine

134 1124 205 1169 meo
229 1105 332 1170 adisse
350 1104 571 1187 imperatorem
587 1126 605 1170 a
619 1126 691 1170 mea
707 1106 802 1172 trisse
820 1104 1015 1170 destinatum
1024 1101 1250 1180 mediocritate,
1272 1127 1281 1167 r

134 1208 237 1290 ipsum
250 1227 375 1291 quoque
392 1207 544 1286 codicem,
567 1211 603 1273 nt
626 1229 658 1273 es
675 1209 842 1274 admouere
866 1206 1022 1292 dignatus,
1047 1205 1183 1273 sollicite
1204 1205 1251 1269 in·
1318 1293 1321 1302 Ι

134 1312 277 1392 spectum
300 1313 393 1393 atque
415 1310 538 1376 Bon'oso
561 1311 592 1375 in
614 1313 713 1393 rebus·
733 1311 837 1394 agenti
858 1311 1076 1394 perferendum
1091 1309 1250 1385 traditum,

134 1412 183 1477 his
206 1412 369 1478 formanda
389 1413 449 1478 init
470 1413 619 1497 religiosa
640 1414 807 1496 prudentia
827 1415 892 1492 tua,
916 1413 961 1477 fiii
983 1413 1156 1477 carissime.
1190 1406 1250 1497 iem

134 1515 209 1578 tuae
240 1515 299 1579 erit
325 1517 546 1599 generositatis
578 1518 718 1600 agnitum
749 1537 839 1581 ame
869 1516 934 1581 sine
963 1514 1029 1579 ulla
1052 1504 1248 1596 cunctatione

136 1615 312 1681 defendere.
336 1638 391 1684 nos
416 1620 530 1684 etenim
553 1604 686 1702 propitio
710 1619 769 1684 deo
792 1620 901 1684 contra
916 1639 953 1683 ea
972 1637 1051 1701 qnae
1066 1618 1098 1681 in
1114 1615 1280 1705 nostrornm

133 1719 283 1801 parantur
305 1739 415 1785 necem
436 1722 519 1787 stare
540 1721 652 1799 laetor,
684 1741 755 1786 cum
778 1742 890 1787 causas
918 1728 974 1786 cur
995 1722 1055 1789 tali
1076 1718 1249 1805 scripserim

133 1818 226 1886 modo
250 1823 407 1887 discutere
430 1826 577 1906 coeperit,
600 1825 749 1902 inueniet.
1214 1808 1217 1818 ¹

675 2263 702 2326 V
794 2273 797 2279 .

231 2399 508 2495 remorsu
525 2401 592 2484 AD
618 2398 890 2484 LVOIFERVM
908 2400 1150 2486 EPISTVLA.

133 2574 265 2625 ‘nomro
286 2579 502 2622 nnsorrssrrro
524 2578 640 2620 snam
660 2563 811 2622 aversano
833 2576 977 2621 serscoro
1000 2578 1039 2619 ur
1061 2561 1241 2625 cessassem
1259 2585 1279 2626 a

407 2681 602 2722 ATHANASIVS
624 2681 658 2721 IN
679 2682 802 2723 DOMINO
826 2681 977 2722 SALVTEM.

174 2799 240 2863 Deo
262 2796 388 2861 fauente
411 2813 539 2877 corpore
561 2793 703 2858 ualentes
732 2793 876 2857 misimus
901 2794 995 2857 etiam
1018 2814 1099 2873 nunc
1124 2799 1248 2864 carissi-

131 2921 219 2966 mnm
241 2899 381 2964 nostrum
403 2895 610 2980 Eutychetem
624 2892 807 2973 diaconem,
831 2895 866 2959 ut
888 2895 943 2960 tua
959 2916 1081 2983 quoque
1104 2898 1250 2989 religiosa

133 3003 294 3080 sauctitas,
325 2999 408 3085 qnod
439 2999 487 3065 est
515 2998 604 3064 nobis
632 2997 801 3082 optandum
824 2996 862 3063 'et
891 2997 1108 3077 desiderabile,
1139 3001 1179 3065 de
1199 3003 1250 3067 tua

132 3105 348 3173 incolumitate
362 3104 549 3186 tuorumque
566 3101 703 3183 omnium
719 3101 939 3168 certioresnos
955 3098 1081 3185 efficere
1097 3100 1248 3188 dignetur.
1260 3130 1280 3170 a

132 3210 222 3277 uobis
244 3227 378 3289 namque
401 3204 630 3270 confessoribus
655 3223 691 3268 ac
708 3204 808 3275 seruis
827 3202 877 3267 dei
899 3203 1079 3271 uiuentibus
1095 3205 1250 3272 credimus

133 3315 252 3380 statum
275 3310 449 3375 catholicae
475 3307 629 3371 ecclesiae
650 3305 795 3370 renouari
825 3306 856 3368 et
885 3306 967 3387 quod
996 3306 1149 3372 haeretici
1177 3328 1249 3374 con-

131 3416 274 3483 scindere
296 3410 529 3494 temptauerunt
551 3411 609 3474 hoc
634 3407 794 3499 dominum
813 3409 957 3475 nostrum
972 3410 1078 3474 Iesum
1093 3410 1249 3477 Christum

130 3537 186 3601 per
198 3535 266 3583 'uos
289 3515 328 3580 ad
350 3515 507 3596 integrum
521 3511 698 3576 restituere
713 3510 911 3593 ‘quamquam
929 3511 1016 3575 enim
1033 3531 1251 3594 praecursores
1292 3525 1295 3532 ’

181 3701 240 3756 1111.
267 3701 431 3770 Epistulam
457 3700 516 3753 ext.
545 3699 571 3752 V
590 3697 638 3763 fol.
661 3701 715 3751 162
738 3696 906 3750 discredens:
931 3668 1251 3758 immurmurent

131 3819 301 3861 ormcrorrnrr
322 3817 442 3858 suemus
468 3790 519 3855 urs
604 3799 803 3854 8iuformanda
821 3799 891 3853 coni.
911 3799 1001 3854 Titios
1082 3801 1115 3854 11
1131 3803 1204 3859 letus
1222 3804 1249 3865 V.

129 3907 180 3944 em.
197 3907 214 3944 o
282 3887 349 3943 talia
361 3887 566 3957 Papebrocdtrrs
585 3886 620 3970 ta
634 3891 696 3940 tom.
710 3885 755 3940 IV
771 3884 991 3941 Matoustana.
1009 3890 1102 3955 ceps
1114 3890 1249 3944 coerceat.

129 3973 195 4030 test.
207 3971 293 4055 ded
312 3975 446 4053 Lucifero

180 4144 212 4198 V.
231 4144 394 4213 Epistulam
412 4146 470 4199 ead.
493 4145 520 4198 V
533 4144 581 4210 fot.
599 4142 665 4197 162b
683 4141 851 4196 iascrrtsrts:
872 4150 983 4196 uorrrrro
1002 4171 1034 4181 -
1054 4104 1184 4198 enarrans
1232 4123 1235 4127 ¹

130 4263 164 4316 18
182 4263 299 4317 daconen
368 4263 400 4315 19
420 4263 565 4317 obtandnm
