2850 4754
140 374 204 438 226
631 343 783 426 Luciferi

136 564 301 646 sacrilegio
323 564 379 627 tue
402 581 600 627 exsecremur
629 562 860 644 praeceptoque
890 564 946 626 tua
968 562 1003 626 ut
1024 562 1149 644 gladios
1170 563 1257 645 etque

135 687 256 741 uenena
277 668 423 731 citemus.
449 685 509 730 non
533 666 590 730 hoc
615 664 734 729 factum
758 685 777 728 a
799 663 888 730 nobis
912 666 960 729 est
978 665 1130 747 primum3
1156 663 1258 730 omres

134 771 181 835 'rlli
210 771 262 852 qui
291 771 355 834 iem
385 770 443 833 deo
471 768 657 850 placuerunt
684 769 764 832 hanc
795 768 939 832 tenentes
970 767 1066 832 fidem
1089 787 1185 849 quam
1208 787 1258 834 nos

135 874 354 954 praedicamus
384 871 470 937 istud
500 870 656 944 secernam
692 889 782 934 nemo
812 872 946 934 mertem
974 870 1080 957 timuit
1103 872 1258 953 suscipere

133 997 187 1058 pro
212 977 270 1041 deo
295 996 331 1041 ex
355 976 421 1040 cius
444 975 559 1052 seruis,
595 993 685 1039 nemo
715 974 904 1039 famulorum
932 975 999 1039 eius
1022 975 1179 1057 cogitauit
1200 976 1289 1040 tor-⁵

133 1081 309 1145 mentorum
332 1097 449 1161 genere
472 1097 552 1160 quae
577 1096 595 1141 e
618 1078 707 1142 uobis
728 1078 903 1142 inferuntur
924 1079 1073 1162 tyrannis,
1098 1079 1157 1144 sed
1178 1079 1257 1143 illius

134 1184 302 1265 praecepte
326 1183 397 1245 ente
421 1181 528 1245 oculos
551 1181 670 1245 habuit.
695 1180 739 1245 sic
758 1181 873 1245 Tobios
896 1181 1052 1262 gloriosus
1075 1182 1257 1264 praecipuus

134 1287 292 1367 inuenitur
314 1285 417 1349 tactus
442 1284 525 1365 apud
549 1284 718 1360 dominum,
746 1284 819 1347 dum
842 1302 902 1348 non
925 1285 1100 1366 conperditi
1114 1285 1257 1367 tuirogis

134 1392 226 1466 timet
255 1389 409 1464 edictum,
445 1388 502 1453 sed
524 1388 626 1451 solum
647 1388 751 1452 totum
778 1388 938 1469 potentem
968 1389 1071 1453 deum.
1109 1390 1189 1453 haec
1216 1389 1257 1453 ita

136 1512 205 1559 esse
232 1493 293 1575 ipsi
321 1493 414 1556 crede
445 1491 562 1556 Tobiae
593 1491 727 1556 dicenti:
760 1491 815 1556 nbi
842 1495 928 1557 uenit
952 1492 1182 1558 Sennaeberim
1206 1513 1257 1557 ran
1267 1508 1285 1547 1⁰

135 1597 171 1660 cte
198 1597 323 1662 Indaaa
351 1597 478 1678 faciens
501 1600 634 1677 propter
662 1595 872 1677 defensionem
901 1616 998 1678 qnam
1025 1595 1100 1677 feeit
1129 1617 1169 1661 en
1195 1595 1256 1660 iliis

134 1699 289 1782 dominns,
306 1703 438 1780 propter
459 1697 669 1779 blasphemias
692 1697 784 1763 ittins
805 1719 885 1781 qnae
900 1698 1143 1789 blasphemant,
1168 1704 1197 1764 et
1211 1719 1255 1764 oc·

134 1803 212 1869 cictit
233 1803 269 1865 in
290 1802 343 1864 ira
365 1820 427 1865 sna
454 1800 567 1864 mattos
595 1819 633 1864 en
659 1799 739 1882 filiis
761 1801 882 1879 Israet;
915 1821 967 1883 eqo
996 1805 1100 1864 antem
1130 1821 1256 1882 corpora

134 1907 262 1970 ittornm
284 1904 468 1969 innotabam
490 1908 518 1969 et
539 1891 732 1986 sepeliebam.
756 1908 785 1967 et
807 1905 1027 1969 renuntiarem
1042 1909 1087 1969 est
1101 1906 1171 1988 reni
1185 1925 1254 1987 qno·

134 2012 225 2074 niam
254 2009 382 2090 senectia,
416 2009 633 2090 etqnaerebat
655 2013 691 2072 nt
713 2009 859 2074 occideret
882 2029 940 2075 me.
977 2010 1282 2093 eacantemfnoi,1⁶

6 2153 8 2158 ν
135 2119 163 2177 et
185 2114 311 2195 direpta
341 2116 385 2175 est
407 2113 510 2175 omnis
531 2111 710 2175 snbstantia
737 2131 807 2176 mea
834 2117 862 2176 et
890 2111 974 2177 nibit
1000 2113 1081 2177 mibi
1108 2114 1256 2185 remansit

131 2217 206 2298 plns
228 2236 324 2298 qnam
346 2235 427 2279 naor
449 2234 518 2278 mea
539 2214 658 2295 Anna,
682 2215 796 2280 Tobiae
819 2215 908 2297 filins
937 2234 1033 2280 mens.
1072 2221 1100 2281 et
1131 2219 1256 2300 conticit

130 2325 203 2402 post
224 2321 291 2385 dies
313 2320 530 2403 qnadraqinta
552 2320 704 2401 animane,
739 2320 920 2385 occiderant
946 2340 1050 2403 renem
1078 2319 1174 2385 ittnm
1197 2321 1256 2404 ficti

135 2425 213 2500 eins,
237 2429 266 2488 et
286 2422 437 2505 reananit
451 2423 687 2488 Areedonosear
707 2422 887 2504 ritins'eins
903 2444 967 2505 pro
991 2445 1024 2488 eo
1042 2422 1121 2490 illic.
1146 2428 1176 2488 et
1191 2443 1256 2489 enm

134 2528 289 2593 nenissem
311 2526 348 2589 in
370 2526 459 2590 domo
482 2546 551 2590 mea
575 2530 603 2590 et
625 2526 751 2590 reddita
773 2531 852 2591 esset
873 2525 954 2590 mibi
976 2546 1059 2591 neor
1075 2546 1147 2592 mea
1161 2527 1283 2594 macc

135 2636 161 2695 et
182 2630 270 2712 filins
293 2649 378 2693 mens
401 2630 523 2711 Tobios,
553 2630 589 2692 in
617 2627 796 2694 Pentecoste
824 2629 874 2694 die
895 2628 973 2708 testo
995 2634 1109 2710 nestro,
1142 2632 1198 2712 qni
1219 2634 1256 2696 cst

134 2738 263 2799 sanans
286 2753 323 2796 en
345 2733 542 2815 septimanae,
565 2730 686 2812 factam
708 2737 753 2797 est
774 2732 854 2796 mibi
873 2733 1052 2813 prandiam
1078 2733 1205 2815 bonnm,
1234 2737 1256 2799 ct

136 2836 281 2901 disenbai
309 2840 345 2900 nt
369 2836 580 2917 pranderem,
615 2839 643 2898 et
671 2836 776 2918 posita
805 2840 849 2900 est
876 2834 957 2899 mibi
978 2854 1105 2913 mensa,
1141 2842 1170 2901 et
1191 2837 1256 2902 meti

136 2938 355 3026 pulmentaria
376 2959 473 3020 qnam
485 2939 640 3020 piurima,
663 2942 692 3002 et
706 2939 777 3003 dini
795 2938 908 3004 Tobiae
929 2939 997 3021 fitia
1019 2959 1114 3009 maor.
1130 2941 1257 3008 namn

135 3043 238 3106 addae
266 3062 486 3125 anemenmqne
513 3061 687 3123 panperem
715 3043 877 3108 inueneris
905 3063 943 3108 en
963 3044 1122 3125 fratribus
1144 3044 1284 3110 nestris²⁵

135 3145 418 3227 qnisnnteaptini
433 3145 470 3208 in
486 3145 621 3226 Nineue,
645 3146 701 3227 qni
724 3150 830 3210 tamen
852 3146 889 3209 in
911 3151 1012 3211 mente
1033 3147 1150 3212 babent
1170 3148 1256 3214 man

122 3247 170 3332 vin
193 3250 253 3310 toto
275 3248 365 3312 corde
386 3265 458 3326 sno;
491 3246 575 3312 bnnc
596 3247 715 3325 addae,
749 3252 780 3311 et
800 3249 967 3314 mandacet
991 3251 1121 3330 parter
1143 3269 1255 3319 menn

134 3350 187 3415 boe
203 3351 403 3433 prend-inm
434 3369 499 3414 eece
521 3350 660 3416 onnineo
681 3355 725 3429 te,
755 3350 821 3436 fili,
850 3353 946 3417 donee
975 3353 1099 3422 nenias.
1134 3359 1166 3420 et
1185 3355 1256 3422 eniit

25 3484 27 3488 ·
136 3455 249 3520 Tobiae
278 3454 439 3536 inqninere
469 3451 606 3534 ationem
628 3473 819 3536 parennem
835 3455 999 3536 eaptinnm
1033 3476 1072 3520 ec
1103 3457 1255 3538 fratribus

133 3559 257 3642 nostris,
280 3562 308 3620 et
329 3574 474 3621 nenersns
497 3555 580 3620 dinit
600 3555 699 3620 mibi:
714 3561 819 3638 pater.
844 3562 872 3623 et
894 3558 983 3623 dini:
1005 3559 1084 3640 qnid
1106 3565 1162 3639 est,
1185 3557 1281 3642 sitiit

134 3664 162 3724 et
189 3660 273 3724 etinit
300 3660 398 3724 mibi:
431 3680 495 3726 ecee
525 3660 675 3725 annecte
703 3661 831 3725 natione
860 3665 971 3726 nostra
1000 3663 1121 3727 oeeisns
1151 3663 1252 3745 taqnn

54 3840 57 3844 ¹
135 3763 327 3828 eirenmetato
343 3764 505 3845 proiectas
525 3768 578 3829 est.
617 3768 645 3827 et
668 3764 862 3852 eniiretieto
878 3765 1023 3846 prandio
1051 3785 1137 3847 meo,
1172 3771 1252 3832 ante·

136 3866 385 3962 qnamxatiqniet
415 3887 453 3931 en
482 3866 540 3931 itio
565 3870 742 3951 anstarem,
774 3871 802 3930 et
824 3867 898 3931 totto
920 3867 1015 3933 ittam
1036 3868 1074 3932 de
1090 3868 1252 3950 plateam

235 4085 268 4139 10
286 4086 349 4140 Tob.
370 4088 393 4150 1,
416 4088 513 4142 18-21
585 4088 617 4142 19
635 4089 671 4142 ib.
690 4088 714 4151 2,
734 4088 800 4142 1-8

184 4286 218 4340 20
236 4291 306 4342 osset
328 4292 358 4353 V,
378 4293 452 4345 esto
522 4292 702 4347 cortiniaco
772 4293 805 4346 30
823 4294 872 4350 filii
941 4294 974 4348 32
993 4295 1033 4348 exi
