2850 4754
399 387 442 441 De
459 403 512 441 non
529 386 661 455 parcendo
679 389 708 441 in
727 387 803 441 deum
822 385 1044 455 delinquentibus.
1224 386 1286 453 237

162 580 194 642 te
216 577 327 643 contra
350 576 434 659 quod
456 597 507 641 me
530 577 669 642 uoluerit
689 576 794 641 facere
822 575 921 640 deus?
953 574 1093 657 loquitur
1122 575 1286 639 sanctissi-

164 701 230 746 mus
262 682 416 764 prophete
444 681 594 745 Ieremias
623 680 738 745 dixisse
769 679 809 744 ad
836 699 870 744 se
895 679 1003 743 deum:
1040 684 1068 742 ct
1096 682 1131 741 tu
1160 680 1288 762 eccinpe

165 785 281 851 lumbos
304 789 372 850 tues
394 790 422 849 ei
443 804 536 867 carpe
557 789 586 848 ct
606 785 659 850 dic
680 785 789 848 emata
810 803 1023 867 quaecumque
1044 781 1202 846 mendosi
1220 781 1287 865 tibi,

165 893 192 952 et
212 909 251 954 nc
273 891 387 954 timeas
409 909 430 952 a
452 888 535 969 facie
557 907 665 953 eoram
686 906 741 952 occ
763 887 970 969 formidosius
993 889 1155 968 conspeetu
1170 904 1286 949 corum.

143 1010 234 1057 scum
256 992 334 1056 haec
357 992 405 1055 ita
427 991 490 1055 sint
513 992 545 1055 εὴ
567 1009 623 1056 nos
647 991 759 1074 urgeat
781 991 954 1055 necessitas
977 990 1072 1056 officii
1088 988 1177 1054 nobis
1194 1007 1212 1052 a
1228 986 1287 1052 deo

165 1095 303 1178 inpositi,
338 1096 375 1158 ut
398 1095 487 1159 uobis
511 1095 677 1177 agentibus
707 1094 850 1158 dicamus
873 1111 1088 1176 quaecumque
1110 1093 1200 1157 uobis
1225 1091 1289 1155 dici

165 1198 290 1263 iusserit
312 1198 401 1275 deus,
425 1199 568 1280 superest
589 1200 625 1262 ut
648 1199 702 1263 aut
725 1198 874 1263 oboedias
898 1198 949 1262 dei
971 1197 1128 1261 mandatis
1150 1213 1303 1272 cennens

165 1302 214 1366 tus
244 1321 262 1366 a
287 1319 338 1365 me
365 1301 464 1383 ipsius
495 1302 682 1366 clementiae
711 1319 801 1375 seruo
831 1320 866 1364 ac
897 1300 1060 1365 sacerdote
1096 1301 1150 1364 aut
1175 1301 1288 1381 probes

167 1405 203 1470 de
234 1406 398 1488 scripturis
428 1406 542 1483 sacris,
576 1406 719 1470 fortassis
751 1406 825 1487 quia
846 1423 900 1468 rex
924 1405 981 1482 sis,
1017 1403 1100 1485 quod
1124 1403 1206 1467 enim
1229 1421 1289 1468 non

133 1509 260 1573 1⁰liceat
281 1510 357 1574 mihi
380 1510 413 1574 te
435 1510 467 1573 in
490 1510 614 1573 nomine
638 1510 755 1574 domini
779 1509 944 1573 conuenire
968 1509 1004 1572 ut
1024 1507 1125 1572 temet
1140 1505 1288 1589 corrigas.

167 1613 191 1675 si
213 1614 345 1694 probare
368 1630 429 1677 non
451 1613 568 1694 poteris
591 1614 668 1678 mihi
696 1612 905 1696 prohibitum,
942 1612 998 1676 sed
1024 1611 1164 1675 inuenire
1188 1609 1289 1691 magis

166 1716 294 1798 incipies
316 1717 393 1781 mihi
414 1719 635 1800 praeceptum,
669 1719 705 1782 ut
726 1719 759 1781 tc
783 1735 914 1799 arguam
937 1717 969 1779 εὴ
997 1715 1156 1796 increpem
1180 1714 1211 1776 et
1235 1729 1289 1776 er-

166 1819 269 1884 hcrter
300 1820 331 1882 et
365 1820 514 1901 deprecer
542 1822 575 1884 et
606 1821 791 1885 admoneam
826 1821 919 1901 atque
953 1834 1121 1899 prouocem
1156 1815 1195 1878 ad
1231 1813 1290 1878 deo

166 1923 363 2004 placendum,
387 1942 442 1986 cur
463 1942 514 1986 me
539 1924 617 1987 dicis
639 1925 697 1989 tibi
719 1924 824 1988 facere
848 1920 1093 1987 contumeliam?
1116 1937 1152 1982 ec
1175 1917 1292 1981 etenim

133 2040 155 2079 1⁵
167 2043 264 2106 usque
294 2026 383 2090 nobis
414 2025 609 2091 antistitibus
638 2027 702 2090 suis
734 2026 821 2090 dedit
846 2025 1036 2107 potestatem
1060 2022 1100 2087 ad
1122 2033 1180 2085 nos
1202 2021 1291 2084 nobis

168 2129 350 2194 commissos
372 2129 579 2214 increpandos
595 2129 763 2208 docendos,
786 2130 823 2193 nt
839 2129 968 2193 dixerit:
991 2148 1030 2192 ac
1045 2128 1158 2191 timeas
1173 2145 1194 2188 a
1209 2122 1292 2203 fecie

167 2252 281 2317 eoram,
306 2253 346 2295 ae
366 2232 576 2313 formidosius
599 2240 762 2313 conspectu
783 2251 899 2296 eorum.
932 2251 998 2297 cece
1017 2230 1110 2312 posca·
1125 2231 1154 2292 tc
1176 2227 1212 2290 ie
1233 2224 1288 2290 bc-

167 2335 280 2399 dicrne
304 2335 355 2399 dc'e
377 2336 459 2400 sicat
481 2336 642 2402 ciuitatem
664 2336 829 2417 firmatam
852 2338 882 2399 et
902 2335 983 2399 sicut
1009 2352 1137 2397 murum
1165 2348 1293 2394 ocream

166 2438 294 2518 firmum
323 2438 467 2503 omnebus
494 2438 616 2521 reptas
644 2438 733 2503 ludu
761 2437 1022 2518 etipriacc'pc'bas
1054 2436 1121 2498 cius
1148 2437 1178 2497 ct
1205 2432 1293 2513 plebi
1357 2494 1359 2500 .

131 2546 278 2609 aierree.
317 2546 346 2605 et
369 2541 561 2623 properabunt
582 2543 625 2605 cd
648 2546 690 2624 te,
725 2545 753 2606 ct
783 2560 849 2606 ace
874 2544 1028 2622 poterunt
1054 2539 1226 2602 aduersum
1252 2539 1289 2619 te,

167 2645 244 2724 quic
267 2664 319 2728 epo
341 2649 440 2709 tecum
462 2665 541 2725 sem,
565 2648 601 2709 ut
623 2644 748 2710 liberem
771 2648 808 2729 te,
833 2645 910 2707 dicit
932 2643 1086 2706 dminus.
1115 2658 1195 2722 quae
1219 2639 1292 2703 sunt

169 2767 248 2831 quae
273 2748 399 2813 dicebat
420 2748 599 2812 Hieremias
619 2748 748 2830 regibus
771 2746 851 2810 Iuda
880 2746 911 2808 et
938 2743 1131 2825 principibus
1162 2745 1228 2807 eius
1261 2745 1292 2807 et

167 2852 311 2932 plebibus
332 2852 461 2916 terrae?
489 2871 601 2933 nempe
624 2853 702 2916 haec
727 2851 800 2933 quia
824 2848 1056 2930 dereliquerunt
1079 2846 1238 2911 dominum
1262 2847 1293 2911 et

168 2955 412 3020 immolauerunt
435 2954 495 3019 diis
519 2955 637 3019 alienis.
662 2956 740 3018 haec
765 2955 797 3017 et
818 2954 853 3015 tu
877 2951 978 3015 fecisti
1002 2969 1038 3014 ac
1062 2949 1150 3029 facis,
1175 2948 1292 3014 dereli-

132 3085 156 3124 a
170 3059 264 3139 quisti
288 3059 493 3141 apostolicam
518 3059 612 3140 atque
636 3057 851 3140 euangelicam
874 3055 985 3132 fidem,
1021 3055 1187 3137 suscepisti
1214 3056 1292 3119 hae·

169 3181 272 3228 resem
294 3161 477 3240 Audenam,
508 3162 540 3226 et
563 3162 649 3244 cogis
673 3179 780 3226 omnes
802 3159 986 3224 idololatres
1008 3159 1083 3224 fieri
1100 3159 1151 3222 dei
1174 3177 1291 3223 seruos.

171 3267 244 3346 quia
266 3267 344 3330 haec
369 3265 483 3342 audes,
517 3284 614 3330 uocas
643 3266 793 3346 superbos
816 3264 912 3329 saluti
933 3265 1008 3327 tuae
1032 3263 1193 3344 cupientes
1216 3280 1292 3325 con-

171 3369 298 3445 sultum.
338 3369 415 3433 dicit
439 3369 516 3434 deus
537 3369 733 3434 Hieremiae:
769 3373 854 3432 etta
877 3369 1004 3451 cecrope
1032 3366 1151 3431 lumbos
1172 3369 1243 3430 tuos
1265 3368 1296 3429 et
1392 3384 1394 3388 ’

170 3491 316 3555 casurpe„
331 3477 361 3536 et
382 3474 432 3537 dic
455 3473 564 3537 omnia
586 3492 797 3554 quaecamque
816 3472 885 3538 dico
900 3471 968 3535 tibi.
992 3470 1158 3535 netimeas
1174 3468 1295 3548 efecto

132 3596 157 3634 eo
171 3596 278 3640 corum
299 3595 355 3640 aec
377 3575 528 3656 formides
548 3577 586 3640 ia
609 3580 772 3657 conspectu
800 3595 914 3640 cerum
953 3574 985 3638 et
1008 3569 1210 3638 Constantius
1231 3567 1294 3633 im-

171 3680 296 3761 perator
323 3678 497 3761 indignaris
526 3696 582 3742 cur
614 3678 673 3742 tibi
707 3679 822 3743 erranti
858 3677 1017 3742 dicamus:
1051 3675 1121 3738 redi
1141 3673 1184 3737 ad
1205 3674 1296 3739 uiam

274 3888 379 3956 saio.
398 3903 422 3967 1,
442 3904 474 3956 rr
546 3903 578 3955 rc
596 3902 668 3956 rerer.
688 3902 712 3966 1,
732 3902 833 3954 17-19
902 3900 936 3953 ae
954 3900 990 3954 rs.
1010 3900 1034 3963 1,
1054 3899 1086 3951 17
1177 3900 1179 3904 ·

223 4095 303 4179 daut
320 4128 384 4179 utc
487 4125 504 4180 9
527 4097 600 4188 non(n
619 4141 653 4176 m.
672 4123 733 4189 alt.)
839 4120 868 4173 11
893 4121 990 4188 poteris
1013 4121 1044 4174 tre
1065 4121 1140 4188 potes
1159 4135 1229 4173 corr.

172 4215 204 4281 ll
222 4229 271 4267 nec
289 4213 355 4279 fort.
374 4217 407 4265 ut
426 4212 443 4266 l.
461 4216 478 4263 4
496 4216 522 4264 et
540 4213 576 4263 30
678 4208 712 4260 22
729 4207 805 4260 iudas
822 4213 889 4261 m.1
930 4242 934 4249 ·
994 4206 1027 4260 23
1045 4205 1233 4274 dereliquinmt

101 4325 103 4328 ‘
172 4317 205 4370 24
224 4315 404 4384 derelinquisti
474 4313 507 4364 25
524 4277 658 4366 haeresdm
727 4310 760 4364 26
777 4309 931 4363 idololatras
945 4328 965 4391 ⁴⁴²
1034 4309 1066 4363 27
1085 4310 1218 4379 copientes
1236 4315 1298 4364 m.1
