2850 4754
642 364 827 433 Epistulae.
1032 413 1034 419 .
1187 402 1212 416 -.
1232 347 1306 438 321¹

168 552 244 617 culo
269 570 411 617 crescere
427 551 538 635 potuit,
562 552 650 616 tanto
666 553 783 617 sanctis
800 551 1017 617 sacerdotibus
1032 552 1173 634 praemia
1186 552 1291 618 laudis

171 656 373 719 inueniuntur
402 655 551 721 conferre.
599 655 698 720 estote
725 655 832 738 itaque
864 656 902 719 de
928 654 1132 736 promissione
1162 656 1311 722 caelesti·

172 759 285 835 securi,
311 759 343 821 et
365 758 439 840 quia
454 758 656 840 proximiores
674 752 750 821 estis
768 756 826 821 deo
844 757 954 836 effecti,
970 756 1084 821 uestris
1100 756 1291 822 orationibus

170 879 222 924 me
253 861 395 925 uestrum
424 860 684 926 consacerdotem
713 859 866 924 famulum
896 858 947 924 dei
969 859 1010 924 ad
1032 859 1192 926 dominum
1214 862 1290 925 sub-

142 962 288 1041 eleusta
312 963 348 1026 ut
370 963 628 1045 superuenientes
651 962 797 1044 impetus,
827 962 879 1045 qui
909 961 947 1025 de
971 961 1022 1025 die
1051 961 1083 1025 in
1106 962 1189 1026 diem
1219 981 1290 1027 cum
1377 946 1380 953 ’

172 1065 413 1130 annuntiantur.
428 1065 576 1150 grauiora
612 1064 743 1129 uulnera
774 1063 933 1146 infligumt‚
971 1063 1176 1129 tolerabiliter
1208 1063 1289 1129 terro

169 1168 338 1249 possimus,
373 1168 410 1232 ut
436 1168 589 1233 inuiolata
619 1167 681 1232 fide
711 1167 798 1233 saluo
829 1166 914 1231 statu
938 1165 1091 1231 ecelesiae
1115 1166 1290 1231 catholicae

169 1288 279 1352 parem
301 1271 391 1337 uobis
415 1271 560 1355 dignetur
583 1289 633 1335 me
650 1268 792 1334 dominus
810 1268 943 1334 efficere.
968 1268 1001 1332 et
1015 1268 1088 1350 quia
1103 1267 1193 1351 cupio
1210 1287 1290 1351 quae

169 1373 264 1455 gesta
287 1373 412 1438 suntin
436 1374 505 1457 ipsa
529 1373 747 1456 congressione
770 1370 895 1457 fidelius
910 1370 1000 1449 scire,
1025 1360 1153 1437 obsecro
1170 1368 1289 1435 sancti-

127 1487 157 1527 10
168 1474 269 1539 tatem
292 1476 440 1556 uastam,
475 1476 623 1541 uniuersa
644 1475 779 1540 fideliter
800 1474 915 1539 litteris
941 1472 1086 1538 intimare
1110 1472 1289 1560 dignemini,

168 1577 206 1642 ut
222 1576 473 1644 additamentum
489 1580 591 1645 maius
606 1579 659 1644 uel
676 1579 742 1661 ipsa
759 1579 880 1642 animus
896 1575 948 1660 qui
964 1575 1097 1641 diuersis
1112 1577 1289 1642 rumoribus

169 1681 329 1745 cruciatur
352 1682 404 1746 uel
426 1683 509 1747 uires
533 1682 670 1765 corporis
700 1680 798 1764 ipsius
822 1699 901 1763 quae
922 1678 986 1743 iam
1010 1678 1194 1744 extenuatae
1218 1680 1290 1744 sunt

169 1781 209 1846 de
234 1783 446 1849 cohortatione
469 1785 576 1849 uestra
597 1784 718 1866 possint
740 1782 864 1848 sentire.
914 1783 954 1866 [et
975 1781 1045 1846 alio
1066 1781 1177 1865 macc]
1211 1780 1289 1846 deus

148 1889 227 1951 'uos
249 1886 422 1952 incolumes
446 1886 614 1966 custodiat,
639 1886 754 1950 domini
777 1885 899 1949 iratres.
1025 1892 1027 1897 ⁴

129 2410 154 2449 ¹⁶
699 2396 757 2465 III.

129 2582 133 2590 ·
225 2585 228 2590 -
285 2532 538 2618 uuoauurn
554 2531 621 2616 nu
638 2531 909 2617 uvounuuu
927 2497 1190 2616 uersuum
1282 2584 1286 2591 -

354 2744 476 2786 DOMINO
491 2743 714 2786 BENIGNISSIMO
729 2743 880 2786 LVCIFERO
895 2743 1094 2787 FLORENTIVS.

190 2860 339 2926 'Nomine
360 2861 414 2926 tuo
438 2858 579 2924 codicem
603 2857 731 2940 qnidam
754 2857 877 2947 domino
902 2858 933 2921 et
949 2858 1082 2941 augusto
1105 2859 1209 2924 nostro
1226 2860 1284 2925 ob·

162 2964 253 3040 tulit3
270 2965 350 3028 huuc
368 2963 408 3027 ad
424 2962 624 3028 sanctitatem
638 2961 726 3025 tuam
737 2961 867 3044 perferri
877 2958 1040 3026 mandauit
1052 2961 1084 3025 et
1096 2958 1285 3045 cognoscere

123 3095 150 3134 ro
165 3066 333 3145 desiderat,
357 3065 383 3130 si
405 3065 490 3129 idem
514 3059 612 3128 codex
636 3082 655 3127 a
675 3062 707 3128 te
732 3063 907 3129 destinatus
923 3063 972 3127 sit.
996 3060 1030 3128 id
1046 3082 1129 3147 ergo,
1154 3064 1237 3147 quod
1251 3063 1284 3129 in
1324 3104 1327 3109 ·

163 3167 226 3232 fide
249 3168 316 3232 ueri
344 3167 401 3244 est,
435 3167 627 3249 perscribere
657 3166 785 3232 debebis
816 3165 847 3230 et
876 3165 1017 3231 codicem
1047 3166 1219 3253 remittere,
1248 3167 1284 3231 ut

161 3270 262 3353 possit
284 3270 460 3336 aeternitati
485 3270 551 3334 eius
575 3267 675 3334 denuo
699 3256 809 3334 offerri.

213 3458 230 3510 9
248 3456 436 3526 congressione]
457 3456 660 3525 congregatione
677 3455 746 3525 Bur.
855 3454 887 3508 13
905 3457 992 3510 aerbo
1015 3458 1042 3510 et
1060 3457 1112 3511 alia
1130 3471 1209 3509 mann
1225 3472 1283 3510 ooo

157 3540 308 3596 accedentis
326 3556 383 3595 aare
396 3545 492 3610 potct;
514 3541 599 3595 haias
617 3539 760 3594 clausulae
777 3540 834 3594 loeo
851 3536 988 3610 [lepmrtor
1012 3542 1091 3610 apud
1108 3541 1284 3597 Ferrarium:

156 3626 223 3680 deus
241 3628 269 3679 te
285 3626 439 3680 incolumem
457 3625 597 3689 custodiat,
616 3624 719 3679 domine
742 3624 825 3679 frater
848 3625 1011 3679 charissimo:
1028 3627 1094 3680 item
1115 3624 1173 3695 ipse
1191 3628 1218 3680 at
1229 3628 1281 3680 mci

160 3727 333 3766 memorasse
352 3711 466 3780 digneris
632 3700 634 3706 ’

211 3848 255 3904 Ill
274 3850 359 3904 Hauc
377 3849 526 3919 epistulam
545 3866 627 3919 geom
646 3849 829 3904 Constantius
842 3849 995 3919 imperator
1012 3851 1143 3918 Iacca'ferc'
1155 3851 1234 3905 latria
1247 3851 1280 3906 de

159 3934 187 3988 S.
201 3935 360 3990 Athcucac‘o
372 3935 492 4004 acceptis
511 3935 597 3990 scroti
614 3935 699 3989 iussit
717 3940 743 3990 et
760 3935 883 4002 reliquus
896 3935 981 3990 codex
998 3936 1025 3991 V
1037 3936 1085 4003 fol.
1104 3940 1159 3991 162
1176 3952 1213 4005 ag.
1231 3937 1281 3998 doc

158 4038 258 4092 ordior
267 4039 373 4094 exhibet
441 4053 549 4094 mcrrrn
560 4053 696 4093 aaronem
706 4053 846 4093 rnoarrrrrr
858 4051 895 4092 arr
907 4021 1044 4094 cuemund
1055 4051 1213 4094 rauracorum

155 4123 191 4176 21
211 4122 362 4200 dotatrice,
381 4123 503 4179 debeois
525 4125 551 4179 V
675 4120 677 4124 ⁴
1221 4127 1224 4135 '

644 4298 794 4308 -—-.-—

209 4363 307 4419 ΧΙΠΙ.Δ
1146 4365 1174 4419 21
