2850 4754
128 341 206 408 ,266
617 306 780 396 'Luciferi

141 547 238 605 mare,
261 528 315 611 qui
336 548 414 612 quos
438 529 498 594 alio
520 530 614 594 modo
637 548 836 613 corrumpere
853 549 913 596 non
927 531 1067 614 potueris
1084 533 1264 612 enaritate,

143 630 306 696 nonnullos
328 632 448 714 ingenti
469 632 608 714 praemio
630 632 818 698 facultatum
840 635 966 699 tuarum
988 635 1182 718 corruperis,
1210 637 1264 719 qui

142 734 263 798 eertum
284 753 448 798 numerum
472 752 639 816 egenorum
665 735 712 800 ita
738 734 998 818 locupletentur,
1032 738 1068 802 ut
1095 739 1264 803 comitibus

141 837 204 902 tuis
221 836 260 900 de
277 835 458 902 diuitiarum
479 837 696 920 magnitudine
711 839 832 921 possint
848 840 997 921 aequari?
1020 840 1118 905 Iudas
1132 842 1262 923 postea-

143 959 237 1023 quam
265 939 386 1005 facinus
416 960 507 1005 suum
536 940 689 1018 aduertit,
723 941 836 1023 laqueo
865 941 968 1006 finiuit
995 942 1110 1017 uitam3
1144 942 1181 1006 tu
1210 943 1263 1025 qui
1286 959 1297 1000 1

141 1062 196 1127 pro
218 1043 434 1126 magnitudine
455 1043 603 1107 maleficii
625 1043 673 1107 tui
694 1044 812 1109 maiore
835 1044 964 1109 mereris
982 1044 1079 1126 plecti
1098 1045 1262 1127 supplicio,

143 1147 218 1228 quid
242 1146 302 1210 eris
326 1146 463 1224 aeturus,
488 1164 560 1210 eum
582 1146 665 1209 male
688 1146 721 1212 te
743 1146 857 1211 fecisse
881 1165 950 1211 sero
971 1147 1049 1210 lieet
1066 1147 1261 1231 cognoueris,

140 1267 214 1313 cum
237 1267 275 1312 ea
297 1268 377 1331 quae
399 1268 480 1313 nunc
503 1250 633 1330 possunt
661 1250 840 1332 conspicere
866 1249 993 1314 minime
1017 1252 1180 1333 suppurati
1202 1270 1262 1316 ue-

140 1370 220 1416 neno
242 1352 401 1416 haeretico
425 1351 507 1416 oculi
528 1352 576 1415 tui
599 1351 707 1416 nidere
730 1352 910 1435 coeperint?
939 1354 970 1417 et
990 1353 1108 1431 tamen,
1132 1353 1160 1419 si
1182 1353 1262 1419 uelis

141 1454 287 1532 credere,
323 1453 498 1518 dimittatur
526 1454 584 1519 tibi
612 1473 741 1519 necesse
772 1454 881 1519 estid
909 1455 993 1538 quod
1023 1474 1059 1519 er
1085 1456 1263 1543 ignorantia
1274 1469 1296 1510 1⁰

141 1557 236 1639 geris,
261 1558 353 1622 sicuti
370 1557 533 1622 dimissum
550 1558 643 1624 beato
659 1558 757 1624 Paulo
775 1557 914 1641 apostolo
930 1559 1087 1634 aduertis;
1111 1559 1158 1624 sin
1176 1578 1261 1639 uero,

52 1681 55 1688 ·
141 1661 187 1724 sic
211 1660 272 1725 eris
294 1662 329 1724 ut
351 1661 447 1726 Iudas
471 1661 677 1726 descensurus
701 1661 742 1726 ad
763 1661 915 1726 infernam
937 1662 1072 1741 noctem,
1094 1664 1171 1726 tune
1192 1662 1260 1728 dic·
1333 1689 1335 1695 ¹

139 1764 229 1828 turus
253 1764 298 1828 eis
321 1764 373 1846 qui
395 1764 428 1829 te
450 1781 531 1829 nunc
555 1764 633 1828 haec
655 1764 759 1828 faeere
786 1765 1025 1846 conpulserunt‚
1048 1767 1112 1830 hoc
1132 1766 1182 1831 est
1204 1786 1259 1832 co-

142 1868 271 1930 arricnis
293 1867 373 1932 tuis:
403 1868 538 1950 pcccoco'
559 1868 734 1947 coercerem,
768 1855 890 1950 copone
912 1869 1043 1934 ccicccr
1064 1869 1117 1934 dci
1135 1869 1261 1952 filicem

133 1973 268 2055 1111111111Ι
291 1972 453 2037 tribuendo
473 1972 562 2036 cobis
584 1973 804 2036 auctoritatem
819 1972 862 2036 od
877 1972 944 2037 eice
959 1977 1121 2038 octarcom
1135 1992 1258 2057 cepon-
1272 1976 1293 2018 ¹⁵

138 2077 214 2140 dom
236 2075 443 2153 olemecto'cm.
465 2075 540 2139 tunc
564 2093 636 2139 cum
659 2092 848 2157 cognoscere
871 2075 1012 2157 coeperis
1033 2075 1132 2157 petris
1156 2077 1188 2140 et
1203 2077 1260 2141 filii

140 2179 172 2243 et
195 2179 321 2260 spiritus
345 2178 445 2242 sancti
467 2196 562 2241 unam
584 2196 640 2242 nos
662 2178 749 2241 recte
772 2177 914 2241 confiteri
936 2178 1165 2256 aeternitatem,
1189 2198 1260 2248 oum

139 2281 247 2345 uidere
276 2281 416 2364 coeperis
445 2281 529 2364 quod
556 2300 619 2344 una
648 2281 690 2345 sit
714 2280 898 2362 magnitudo
920 2300 1044 2362 unaque
1066 2283 1259 2363 potentia-in

138 2384 227 2467 patre
251 2386 282 2448 et
303 2384 334 2448 in
357 2384 449 2448 unico
472 2383 537 2448 filio
561 2384 628 2447 eius
652 2384 683 2447 et
704 2383 738 2447 in
759 2383 867 2447 sancto
882 2384 1042 2464 paracleto
1061 2384 1183 2466 spiritu,
1206 2385 1259 2450 ubi

137 2489 212 2552 tunc
243 2487 332 2551 erunt
362 2486 414 2568 qui
441 2486 474 2549 te
500 2485 681 2567 inpulerunt
710 2485 751 2549 sd
780 2486 838 2550 hoc
861 2486 1103 2567 perpetrandum
1126 2486 1290 2552 scendo-²⁰

138 2591 235 2675 gtum,
257 2592 294 2655 ut
316 2590 403 2655 dieas
427 2590 467 2654 ad
491 2608 560 2655 eos:
577 2590 755 2673 poeniteor,
778 2590 856 2672 qco'c
877 2589 1036 2655 cobisccm
1050 2591 1102 2656 dc'
1116 2590 1259 2657 icimicc's

137 2695 346 2772 cccccccccc,
380 2692 458 2775 pcto
489 2693 648 2758 cobisccm
680 2693 797 2775 (ccicc
818 2697 1002 2774 pccsccctcs
1030 2693 1081 2758 dci
1108 2695 1258 2760 domoc?

135 2798 242 2861 tecum
265 2797 355 2860 erunt
377 2796 443 2860 sine
466 2795 559 2861 dubio
581 2794 613 2859 in
637 2797 789 2878 gehenna.
829 2794 883 2859 ubi
909 2794 983 2859 tuno
1015 2798 1105 2860 erunt
1128 2797 1258 2863 diuitiae

135 2899 225 2982 regni
246 2899 303 2976 tui,
327 2917 408 2980 quae
428 2898 488 2963 tibi
509 2917 569 2962 non
593 2897 634 2960 ad
657 2898 802 2976 salutem,
826 2897 884 2962 sed
905 2898 1072 2981 proficiunt
1095 2900 1136 2963 ad
1152 2903 1257 2967 aeter-

136 3021 211 3067 num
232 3002 322 3065 tuum
343 2995 527 3065 interitum?
564 3001 707 3082 optamus
731 3000 873 3083 quidem,
907 3002 944 3065 ut
964 3001 1023 3066 tibi
1045 3003 1156 3068 salutis
1182 3005 1290 3070 tuae2⁶

135 3103 261 3169 inimico
285 3103 430 3186 dignetur
451 3104 594 3168 reuelare
617 3104 695 3168 deus
717 3104 884 3168 ueritatem
906 3121 1111 3187 emergasque
1127 3126 1144 3170 o
1160 3108 1258 3173 tentis
1312 3091 1315 3097 ’

135 3206 291 3290 perieulis.
316 3206 455 3271 ceterum
479 3207 628 3289 quantum
650 3206 824 3271 inscelere
849 3207 891 3271 sis
916 3207 1098 3272 eminentior
1121 3211 1160 3275 ab
1177 3209 1257 3275 Sca-

134 3310 217 3375 rioth
239 3308 334 3387 Iuda,
367 3327 427 3373 non
451 3308 499 3372 est
520 3307 636 3373 laboris
664 3308 847 3388 aestimare,
882 3309 1135 3393 qnandoquidem
1157 3313 1192 3377 tu
1217 3314 1258 3378 ad

137 3415 204 3479 eius
228 3402 425 3477 diuinitatem
447 3412 624 3494 negandam
640 3429 763 3477 omnem
779 3411 1002 3477 conuocaueris
1018 3414 1135 3493 orbem,
1159 3416 1257 3482 Iudas

134 3535 210 3581 uero
233 3515 307 3581 solis
329 3514 392 3579 illis
416 3514 575 3580 domiuum
596 3514 764 3579 tradiderit
787 3515 840 3597 qui
865 3515 898 3579 in
927 3536 999 3581 eum
1019 3516 1156 3583 necdum
1185 3525 1290 3586 ere-³⁰

135 3618 296 3696 diderent3
328 3619 365 3682 tu
387 3618 496 3682 contra
518 3618 613 3683 etiam
637 3636 690 3682 eos
712 3635 883 3700 prouocare
906 3618 1053 3701 dignatus
1077 3639 1110 3685 es
1135 3621 1176 3686 ad
1198 3643 1256 3689 ne-

134 3722 271 3804 gandam
294 3721 361 3787 eius
385 3720 451 3784 deit
453 3722 535 3785 atem
558 3721 611 3803 qui
633 3720 697 3784 iam
724 3721 931 3786 crediderant.
970 3723 1066 3788 Iudas
1089 3724 1169 3788 nulli
1191 3727 1256 3792 uim

92 3898 95 3902 ⁴
134 3824 240 3888 intulit
261 3826 297 3889 ut
329 3843 437 3889 secum
464 3824 597 3906 periret,
628 3824 664 3887 tu
693 3824 802 3888 contre
829 3842 901 3889 cum
928 3824 1058 3890 militari
1087 3845 1183 3892 manu
1214 3831 1255 3895 sis

131 3945 275 4011 pugnans
298 3930 406 3993 contra
428 3947 484 3992 nos
507 3946 584 4010 quos
607 3927 771 4009 cognoscis
795 3927 940 4006 eredere
970 3928 1125 4011 quomodo
1154 3932 1254 4014 patri-

184 4128 315 4219 ea‘uertit
334 4164 357 4232 (d
373 4181 407 4219 m.
426 4165 487 4233 aot.)
576 4166 607 4219 11
628 4165 735 4220 dimisso
813 4168 845 4222 13
863 4165 1067 4236 conpulerunte
1154 4173 1253 4241 quean-

131 4248 189 4301 anis
258 4248 291 4300 20
310 4247 344 4301 ad
361 4266 386 4312 e,
404 4252 436 4302 ut
457 4251 484 4304 V
548 4249 581 4302 25
599 4251 737 4306 interitum
807 4252 1108 4322 33111111111111111
