2850 4754
503 404 543 458 De
562 409 653 460 sancto
671 406 817 460 Athanasio
835 405 902 461 liber
919 406 939 461 1.
1222 412 1284 477 145

165 595 188 658 si
208 594 298 659 illam
319 595 528 678 malignorum
551 595 824 677 congregationem
846 595 986 660 uestram
1014 596 1100 660 odire
1130 597 1277 680 digneris.

163 699 233 763 ωηο
258 698 319 764 erit
341 699 419 763 dens
440 695 547 763 tecum
570 717 701 781 semper,
724 699 798 763 tune
821 699 1012 764 intenebris
1036 700 1152 765 orietur
1173 701 1280 766 lumen

162 803 227 881 tibi,
250 804 325 867 tnnc
347 804 497 869 tenebrae
518 803 577 866 tibi
598 803 634 866 nt
654 803 803 868 meridies
827 804 926 881 erunt,
948 805 1023 867 tunc
1049 803 1080 866 in
1096 803 1186 868 bonis
1202 803 1279 868 diri-

163 906 252 989 getur
273 905 335 971 iter
355 906 455 971 tuum.
480 907 620 971 ceterum
642 906 669 970 si
690 906 721 969 in
744 908 804 973 hac
826 906 1005 989 peruicacia
1026 906 1188 984 manseris,
1206 906 1279 971 siin

142 1010 218 1072 ehoe
242 1006 441 1086 crudelitate,
463 1009 500 1073 ut
523 1027 631 1073 seruos
650 1008 717 1072 eius
740 1007 873 1087 crucies,
895 1027 955 1072 non
977 1008 1084 1072 tecum
1108 1009 1185 1073 deus
1209 1010 1278 1087 erit,

163 1111 216 1176 sed
237 1111 293 1176 ille
309 1111 362 1194 qni
379 1112 411 1176 et
425 1111 518 1177 hodie
535 1130 604 1177 esse
620 1112 651 1175 in
667 1112 772 1176 uestro
789 1112 881 1176 coetu
895 1111 1096 1176 Arrianorum
1110 1112 1278 1196 inuenitur,

161 1216 216 1280 hoc
241 1215 291 1280 est
314 1214 465 1280 diabolus.
510 1214 573 1278 ista
596 1213 711 1279 etenim
736 1232 815 1296 qnae
840 1231 933 1296 agere
956 1212 1095 1295 dignaris
1118 1233 1177 1279 non
1210 1215 1283 1278 sunt

164 1316 221 1395 dei,
245 1317 302 1381 sed
326 1316 452 1383 diaboli.
498 1317 525 1382 si
548 1335 643 1399 opera
666 1317 715 1382 est
735 1316 792 1380 illa
814 1316 875 1392 dei,
898 1316 934 1378 ut
954 1316 1131 1397 proscribas
1160 1316 1273 1395 certos,

163 1438 214 1484 cur
227 1419 283 1484 aut
293 1419 501 1485 Athanasium
517 1419 689 1484 antistitem
706 1419 757 1484 dei
773 1437 832 1482 non
849 1419 1067 1483 damnauerint
1081 1419 1278 1484 innocentem

132 1525 215 1587 naut
242 1541 299 1587 cnr
327 1541 388 1587 non
414 1521 611 1587 cohaeretico
644 1523 700 1587 tuo
730 1521 865 1604 Georgio
893 1522 1193 1586 communicauerint
1225 1523 1280 1587 aut

162 1644 215 1691 cur
243 1644 277 1691 se
308 1624 415 1690 dicant
436 1624 641 1703 Christianos,
672 1643 727 1690 cur
753 1624 854 1688 nolint
882 1623 965 1688 effici
992 1625 1194 1706 coapostatae
1222 1625 1279 1701 tui,

161 1747 325 1810 possumus
358 1747 432 1794 sane
465 1728 649 1806 aestimare,
685 1728 712 1792 si
745 1746 839 1809 opera
874 1727 932 1791 deo
967 1727 1008 1791 sit
1035 1728 1170 1810 placita,
1204 1728 1279 1794 item

163 1833 186 1896 si
209 1833 407 1916 eleemosyna
430 1831 478 1896 est
499 1831 562 1896 ista
584 1850 679 1912 quam
695 1830 734 1894 de
749 1829 888 1893 lacrimis
905 1828 961 1893 das
977 1829 1097 1907 alienis,
1115 1830 1153 1894 de
1170 1849 1279 1895 eorum

161 1935 273 2012 bonis(
282 1935 336 2017 qui
359 1935 516 2017 deportari
530 1933 666 1998 interfici
681 1932 894 2015 proscribique
909 1931 1088 1996 maluerunt
1103 1951 1121 1995 a
1135 1932 1167 1996 te
1185 1951 1279 2014 quam

131 2055 151 2095 rs
163 2038 214 2101 ant
228 2037 426 2102 innocentem
444 2037 592 2102 damnare
605 2037 660 2100 aut
674 2053 790 2118 negare
806 2035 933 2098 unicum
948 2034 999 2098 dei
1016 2033 1126 2111 lilium,
1142 2035 1174 2098 in
1186 2054 1279 2116 quem

162 2139 325 2205 credentes
362 2139 505 2204 sciebant
533 2138 727 2221 glorificatos
755 2137 915 2202 Abraham
943 2138 1033 2201 Isaac
1067 2137 1099 2201 et
1124 2138 1219 2201 Iacob
1249 2139 1280 2201 et

162 2260 266 2307 omnes
281 2242 449 2325 prophetas
472 2241 630 2324 apostolos
647 2259 683 2304 ac
699 2240 860 2322 martyres.
879 2258 1010 2320 quorum
1025 2241 1058 2304 te
1072 2240 1142 2304 fieri
1158 2240 1277 2304 socium

163 2345 253 2427 atque
278 2343 421 2409 omnibns
442 2344 627 2427 participem
648 2362 700 2408 me
723 2361 848 2425 cupere,
870 2362 943 2406 mea
964 2343 1049 2406 cirea
1063 2343 1095 2406 te
1111 2344 1188 2406 haec
1206 2361 1275 2408 esse

162 2449 233 2512 uota
255 2447 311 2511 ille
335 2448 384 2511 est
405 2447 497 2512 tostis
520 2448 574 2529 qui
596 2447 685 2511 nobis
706 2446 845 2510 tribuere
868 2447 927 2510 hoc
950 2446 1059 2527 potens
1084 2446 1140 2510 est.

208 2667 369 2722 tmerirliae
392 2669 422 2732 V
442 2685 525 2722 eme
605 2667 783 2737 tperuicatia
861 2669 968 2721 tcoeto
986 2673 1054 2721 ml
1137 2633 1281 2735 853&

161 2823 192 2860 m
210 2823 263 2861 rec.
281 2805 340 2858 eise
335 2804 513 2872 'fortesint),
532 2806 621 2859 sunto
690 2754 769 2858 ebir
787 2785 816 2874 (³l
830 2821 864 2857 m
877 2805 940 2870 rec.)
960 2805 1038 2858 etsie
1046 2804 1187 2872 proximis
1200 2805 1281 2858 liaeus

163 2914 201 2963 ter
271 2909 302 2962 11
317 2908 523 2977 quoaposcaceur
542 2907 596 2976 (ω’
585 2909 694 2974 coras.)
765 2906 797 2959 12
815 2921 951 2975 possumus
969 2907 1080 2974 scripsi,
1097 2908 1208 2975 possunt
1229 2907 1282 2975 Vc,-

163 2994 208 3048 ecci
225 2994 431 3063 perspicuitas
419 3010 444 3047 cs
468 3010 557 3049 causa
583 2992 646 3047 iude
671 2994 718 3059 (iu)
741 3009 876 3062 possumus
903 2993 1011 3062 ocelim
1039 2994 1218 3062 coapostatae,
1241 2994 1281 3047 tui

162 3081 309 3144 possunts.
333 3078 473 3132 aestimare
495 3079 536 3132 sic
560 3078 676 3148 distiop.
698 3096 715 3132 c
823 3079 956 3176 aestimari
980 3079 1051 3132 corsi.
1074 3079 1212 3133 Latinius

163 3180 330 3248 silillaadd
342 3198 363 3237 s.
377 3183 393 3237 l.
406 3200 439 3236 m.
452 3198 505 3236 rec
517 3188 572 3237 etc
640 3182 722 3236 sintc
792 3182 824 3236 13
837 3148 955 3236 clemona
1024 3182 1281 3236 montumano

162 3296 205 3338 tls
221 3299 233 3339 1
249 3299 380 3340 EXPLICIT
398 3301 505 3340 mcum
521 3301 568 3342 m
585 3302 610 3341 11
