2850 4754
504 361 545 415 De
564 364 654 414 sancto
673 362 819 415 Athanasio
836 361 904 415 liber
920 361 953 416 11.
1230 364 1291 430 155

173 569 322 630 rapacem
350 569 388 614 αα
408 550 565 632 fructibus
591 571 699 616 eoram
728 552 912 632 coenoseolis
940 570 1000 615 eos.
1045 551 1197 633 numquid
1229 572 1288 616 uon

172 651 316 715 luserunt
336 651 422 717 illico
445 652 552 717 tristes
576 654 704 718 uenenis
728 653 844 719 diaboli
866 654 897 717 in
912 654 944 716 te
959 653 1138 718 inseminati
1155 654 1287 734 amaris-

173 753 242 817 simi
264 753 387 818 fructus
408 755 465 831 tui,
488 756 526 818 ut
548 755 653 820 dicere
682 757 846 838 temptasti
875 756 1085 820 damnandum
1114 755 1210 819 fuisse
1236 755 1286 819 in-

173 855 335 920 auditum?
357 857 582 939 numquidnam
605 876 664 922 non
687 859 856 940 patuerunt
877 858 1041 923 confestim
1063 857 1194 921 insidiae
1209 858 1283 922 tuae

151 957 233 1039 slupi
254 958 389 1039 rapacis,
410 959 493 1041 qnod
516 960 598 1023 enim
621 961 730 1024 contra
753 960 802 1024 dei
827 961 909 1026 ouile
935 960 1111 1024 machinam
1141 962 1286 1025 constru-

171 1060 267 1125 xisses
304 1061 489 1136 maximam
533 1062 687 1128 fructibus
726 1082 799 1146 ergo
833 1064 896 1128 tuis
931 1063 1085 1145 quomodo
1122 1082 1182 1127 non
1220 1063 1287 1127 ouis

170 1162 264 1229 trisse
287 1165 379 1247 lupus
403 1166 528 1247 agnitus
551 1185 594 1243 es,
619 1167 663 1230 sic
687 1166 728 1244 et,
752 1166 907 1248 quomodo
931 1166 984 1243 sis,
1008 1165 1067 1229 nisi
1089 1165 1145 1230 tibi
1170 1183 1285 1231 consu-

171 1265 274 1344 lueris
300 1269 390 1333 arbor
412 1269 477 1351 igni
493 1268 660 1346 destinata,
681 1269 814 1351 probant
829 1287 920 1333 sacra
936 1267 1108 1350 euangelia.
1132 1269 1288 1349 namquid

170 1369 320 1452 scilicaet
342 1372 379 1434 de
405 1372 511 1451 spinis
537 1393 636 1436 auom
666 1377 722 1436 aad
750 1372 787 1437 de
815 1371 941 1436 tribulis
971 1371 1076 1454 ficas?
1112 1372 1157 1436 sic
1185 1372 1288 1436 einais

138 1471 262 1536 roorbor
296 1471 377 1536 boae
411 1474 504 1540 bonos
532 1474 655 1555 fractas
681 1475 769 1558 facit,
801 1474 889 1539 melo
923 1478 1029 1539 ααίαα
1062 1474 1155 1538 orbor
1188 1474 1286 1539 melos

168 1575 293 1655 fractas
322 1575 410 1656 facit
448 1596 513 1640 αοα
537 1579 641 1656 potest
668 1575 762 1641 arbor
790 1575 874 1640 boae
903 1576 1004 1641 malos
1032 1575 1157 1656 fractas
1183 1576 1287 1657 facere

169 1695 266 1756 aeque
290 1675 383 1740 arbor
404 1674 493 1739 molo
521 1675 616 1740 bonos
642 1675 767 1756 fractae
796 1674 907 1755 facere.
951 1677 1054 1741 omnis
1082 1678 1177 1742 orbor
1206 1700 1288 1760 quoe

168 1798 233 1842 αοα
255 1778 336 1860 facit
357 1778 497 1859 fractam
518 1778 633 1842 bonum
654 1777 813 1841 ercidetur
834 1783 862 1841 et
884 1779 921 1842 io
942 1779 1044 1861 iucem
1067 1780 1223 1861 mitialem
1249 1801 1286 1845 αα

167 1880 322 1961 fructibus
344 1881 429 1945 caim
451 1901 558 1946 eorum
586 1881 773 1963 coyaosociis
801 1899 858 1947 eos.
903 1901 966 1945 ααα
994 1882 1095 1945 omnis
1123 1884 1179 1962 qai
1207 1884 1286 1948 milei

134 1983 247 2048 adicit
274 1984 399 2048 domice
426 1985 561 2068 domine,
584 1982 719 2047 introbit
748 1984 785 2047 ia
807 2004 938 2066 requam
959 1982 1127 2061 coelorum,
1151 1985 1205 2049 scd
1232 1988 1287 2067 qai

166 2088 245 2169 facit
268 2085 463 2151 uoluntatem
479 2087 590 2168 patris
611 2086 681 2151 mei.
721 2085 766 2149 sic
790 2085 984 2149 uoluntatem
1006 2086 1104 2167 patrie
1127 2087 1210 2151 unici
1234 2088 1284 2152 dei

166 2189 223 2254 filii
246 2188 334 2268 facis,
357 2190 394 2253 ut
415 2189 483 2255 eius
505 2189 604 2252 filium
626 2206 723 2270 neges
745 2189 949 2271 unigenitum,
979 2190 1015 2252 ut
1035 2189 1138 2272 ipsum
1164 2191 1285 2272 patrem

168 2291 255 2356 dicas
278 2310 338 2356 non
363 2311 431 2356 esse
454 2311 564 2356 uerum
592 2292 725 2373 patrem,
753 2292 789 2354 ut
816 2290 1019 2356 fundamenta
1045 2313 1100 2375 per
1129 2293 1285 2375 apostolos

167 2396 287 2459 coneris
304 2395 466 2459 destruere
481 2395 576 2473 iacta,
593 2394 629 2457 ut
642 2393 836 2458 interficeres
853 2394 947 2477 atque
961 2395 1133 2461 interficias
1148 2396 1285 2462 cultores

132 2501 243 2579 seius,
268 2503 304 2564 ut
326 2501 604 2583 antistitesipsius
629 2501 667 2565 de
698 2499 820 2582 populis
847 2498 982 2581 pelleres
1013 2499 1071 2563 sibi
1101 2499 1284 2577 commissis,

166 2605 201 2666 ut
225 2603 388 2668 absentem
411 2605 442 2667 et
463 2603 641 2668 inauditum
664 2602 806 2666 damnari
827 2602 961 2678 iuberes,
977 2602 1013 2664 ut
1027 2601 1182 2665 haeresim
1198 2602 1285 2667 tuem

167 2725 246 2788 quae
264 2725 359 2770 unam
381 2706 579 2788 blasphemat
602 2705 801 2769 diuinitatem
831 2704 929 2787 patris
958 2704 989 2767 et
1010 2703 1067 2766 filii
1097 2704 1130 2768 et
1158 2704 1284 2785 spiritns

167 2808 269 2871 sancti
292 2809 324 2872 in
349 2809 516 2873 ecclesiam
538 2807 775 2873 introduceres?
798 2807 824 2872 si
846 2807 924 2871 haec
948 2806 1071 2884 cuncta,
1089 2807 1124 2869 ut
1140 2805 1284 2885 diximus,

166 2911 285 2991 placita
308 2914 380 2976 sunt
403 2911 461 2976 deo
484 2912 575 2993 patri,
604 2912 721 2993 poteris
749 2911 866 2975 intrare
898 2909 930 2973 in
958 2926 1088 2990 regnum
1117 2909 1284 2974 caelorum.

131 3027 154 3067 α
168 3013 258 3078 andis
283 3013 364 3077 enim
389 3014 494 3078 dicere
517 3014 643 3079 unicum
665 3014 766 3078 filium
797 3013 880 3078 eius:
903 3031 967 3075 αοα
995 3013 1097 3077 omnis
1125 3015 1179 3095 qai
1207 3013 1284 3094 dicit

167 3115 245 3179 milii
268 3117 394 3181 domiue
422 3118 568 3200 domine„
589 3117 724 3182 intrudit
752 3118 788 3182 ia
810 3135 941 3199 reusam
964 3116 1131 3191 caelorum,
1152 3116 1206 3181 sed
1227 3116 1282 3197 qai

166 3216 244 3297 facit
266 3221 462 3300 uoluntatem
482 3221 586 3301 petris
608 3221 678 3284 inci.
703 3219 844 3284 damnari
865 3218 955 3283 iubes
977 3217 1192 3293 innocentem3
1223 3238 1283 3282 non

166 3320 279 3392 recolis
301 3321 332 3384 in
350 3321 458 3387 Exodo
482 3323 596 3388 dixisse
621 3323 729 3387 deum:
752 3324 781 3387 si
802 3323 987 3386 coacuerint
1007 3323 1070 3385 duo
1084 3325 1111 3385 et
1127 3340 1282 3401 percusse·

167 3422 233 3485 rint
245 3421 407 3486 mulierem
422 3423 459 3487 ia
474 3428 560 3487 utero
575 3423 737 3489 hodelricus
749 3428 779 3488 et
789 3423 976 3487 abortiaerit
987 3444 1053 3487 ααα
1064 3422 1283 3504 deformatum,

267 3626 283 3678 8
301 3625 397 3681 Matth.
416 3628 440 3691 7,
460 3628 558 3681 16-21
629 3627 663 3680 25
680 3629 716 3682 ib.
735 3629 758 3691 7,
777 3628 809 3681 21
880 3628 913 3681 28
931 3628 977 3681 Ex.
995 3627 1037 3690 21,
1056 3625 1157 3697 227-25

215 3798 230 3848 5
249 3764 357 3865 rapacis
375 3798 390 3861 (¹
410 3816 443 3850 ra.
462 3799 526 3864 res.)
626 3798 720 3850 ouilern
738 3816 770 3852 m.
788 3803 804 3850 1
904 3796 979 3861 Quod
998 3797 1066 3848 enirn
1083 3826 1119 3836 —
1136 3797 1282 3862 maximam,

166 3881 292 3937 fructibus
311 3900 372 3952 ergo
389 3914 424 3924 —
443 3886 547 3952 agnitus
566 3901 593 3937 es
611 3885 753 3954 odisiiaq.
825 3885 839 3935 7
858 3884 947 3951 luisse]
967 3883 1014 3936 sed
1032 3883 1097 3937 edd.
1117 3899 1138 3938 s.
1159 3885 1173 3939 l.
1187 3902 1220 3938 m.
1233 3902 1286 3939 rec.

167 3974 191 4021 et
208 3987 232 4037 c,
250 3970 326 4038 lupus
344 3987 396 4022 non
416 3972 471 4023 ouis
488 3969 570 4023 fuisse
582 3977 729 4039 exspectes,
748 3971 797 4025 sed
815 3971 850 4036 cf.
868 3974 928 4038 154,
947 3974 983 4023 26
1070 3970 1102 4023 16
1121 3971 1157 4023 sic
1175 3971 1285 4038 scripsi,

166 4054 188 4106 si
202 4056 241 4109 Vc
311 4055 342 4107 17
361 4057 391 4107 ut
406 4057 489 4109 Vsed
507 4056 633 4153 quomodo
652 4056 684 4108 fit
701 4057 733 4109 ia
744 4073 830 4125 αιααρ.
843 4074 876 4109 m.
890 4072 949 4122 ree,
969 4054 1094 4123 quomodo
1113 4056 1145 4108 fit
1162 4058 1219 4108 uto

166 4156 197 4210 19
214 4157 284 4210 iecta
301 4162 367 4211 nal
449 4158 482 4212 29
505 4159 666 4242 abortaverit
690 4159 705 4227 (¹
723 4177 756 4212 m.
780 4160 844 4225 reo.)
925 4157 1039 4210 nondum
1061 4158 1201 4212 formatum
1222 4158 1286 4212 Gal-

168 4259 294 4330 laadiis85
312 4262 361 4315 sed
379 4262 415 4330 μὴ
433 4260 644 4332 distensionem
662 4265 748 4318 LXX
