2850 4754
509 366 551 420 De
569 372 660 421 sancto
679 367 825 422 Athanasio
843 368 910 422 liber
927 369 946 423 Ι.
1255 374 1295 438 73

167 554 293 618 fuerant
315 554 458 619 arbitrati
480 555 630 636 potuisse,
660 558 695 619 ut
716 557 804 620 tuam
827 556 970 639 fragilem
993 576 1159 624 ueraamur
1181 561 1293 640 poten-

168 657 262 731 tiam;
288 658 314 721 si
338 659 421 722 enim
443 677 503 722 nou
526 659 571 721 ita
587 658 698 722 Iudaei
713 659 931 734 credidissent,
957 660 1041 741 quod
1056 661 1208 725 uidelicet
1222 662 1293 743 plus

168 763 297 840 possent
321 762 509 838 chananaei,
539 762 683 826 lebusaei
713 763 745 824 et
773 763 956 827 Amorrhaei
990 765 1021 827 et
1053 765 1152 828 uetari
1173 765 1293 828 inimioi

169 882 264 944 quam
288 864 375 943 dous,
399 885 569 947 numquam
591 864 729 946 profecto
753 866 871 949 Moysis
887 884 999 929 uocem
1015 868 1294 949 superhabuissent

141 966 318 1046 ⁵diaantis:
348 990 388 1034 ue
411 969 589 1051 loquamini
610 990 707 1050 aeque
737 970 955 1050 formidemtut
983 971 1022 1035 ub
1043 972 1096 1035 ets.
1142 973 1292 1037 domiuus

168 1071 243 1135 deus
265 1078 375 1149 uester,
410 1076 466 1155 qui
494 1074 648 1138 auteoeda't
676 1078 750 1136 aute
775 1073 891 1153 factem
918 1078 1067 1156 uestram,
1103 1076 1168 1155 ipse
1196 1075 1292 1140 simul

168 1176 359 1256 expuguaba't
385 1196 436 1240 eos
456 1176 618 1241 uobiscum
646 1177 816 1242 secuudum
844 1178 954 1241 amatu
981 1197 1191 1260 quaecumque
1219 1180 1294 1260 teuit

169 1279 259 1342 uobis
281 1280 318 1341 iu
340 1283 426 1343 terra
447 1280 594 1362 Aegypti,
625 1284 654 1343 et
680 1280 718 1343 iu
739 1279 856 1343 deserto
885 1279 941 1343 boe
968 1281 1049 1360 quod
1077 1281 1193 1345 uidetis
1216 1303 1292 1362 quo·

168 1380 258 1445 ruodo
273 1381 357 1461 fouit
373 1386 400 1445 te
414 1382 563 1446 domiuus
578 1383 655 1446 daus
670 1385 751 1464 tuus
774 1382 857 1444 sieut
872 1382 944 1461 quis
957 1385 1065 1463 f'oueat
1079 1383 1170 1447 bomo
1185 1385 1292 1465 fitium

129 1490 270 1558 1⁰suuua
293 1485 330 1546 u'u
352 1505 474 1548 omueua
496 1487 587 1548 utam
610 1505 705 1565 quam
728 1485 911 1561 ambulatis,
935 1487 1136 1567 quoadusque
1159 1488 1276 1551 uouist'

168 1588 211 1650 ad
234 1585 317 1650 bauo
340 1587 452 1664 tecum,
475 1589 630 1652 deducens
657 1608 714 1652 uos
743 1589 779 1651 a‘u
801 1589 871 1669 iqui
893 1593 988 1666 uoate,
1018 1590 1183 1654 osteudens
1205 1591 1293 1654 uobis

167 1690 237 1770 iter,
261 1694 298 1752 ut
320 1690 526 1755 ambularetis
551 1694 585 1754 iu
607 1711 676 1754 eam
699 1695 728 1754 et
750 1691 787 1753 ia
809 1691 890 1753 uube
905 1691 977 1756 diei.
1008 1691 1034 1754 si
1051 1710 1111 1755 non
1126 1692 1199 1773 post
1213 1694 1292 1756 haee

168 1792 321 1855 salutaria
342 1792 462 1856 monita
484 1791 554 1873 plus
576 1793 716 1874 potuisse
745 1811 823 1873 quos
845 1793 954 1856 eontra
975 1811 1112 1874 pugnam
1140 1795 1293 1874 gerebant

168 1914 263 1976 quam
287 1894 381 1959 deum
403 1895 461 1958 filii
485 1895 584 1958 lsrael
606 1895 738 1959 luissent
761 1895 935 1971 eredentes,
959 1914 1130 1976 numquam
1151 1896 1291 1977 profecto

129 2009 154 2048 1⁵
170 1997 209 2061 ad
225 2016 349 2062 omnem
367 1997 569 2062 deuenissent
583 1999 754 2062 interitum.
780 1999 940 2079 potantem
951 1998 1048 2080 igitur
1065 2017 1134 2062 essa
1147 1999 1291 2062 nouimus

168 2101 262 2166 deum
286 2103 327 2165 ad
351 2103 526 2183 eripiendos
555 2121 611 2166 uos
635 2102 673 2166 da
696 2101 840 2165 manibus
863 2102 937 2178 tuis,
966 2101 1008 2165 ad
1035 2102 1174 2165 oaeleste
1202 2102 1291 2166 nobis

167 2225 297 2288 regnum
321 2206 508 2287 promissum
530 2206 705 2269 tendentes.
742 2205 853 2269 timere
876 2207 965 2269 tuam
987 2205 1207 2269 crudelitatem
1230 2224 1291 2269 non

167 2312 348 2391 poterimus,
372 2309 507 2373 maxime
531 2310 585 2391 qui
609 2309 796 2391 elegerimus
819 2327 838 2372 a
859 2310 901 2385 to,
925 2327 986 2372 non
1010 2326 1029 2371 a
1051 2308 1109 2372 deo
1132 2308 1243 2389 puniri.

208 2413 264 2477 Vl.
283 2413 418 2477 Dixisti:
434 2414 585 2477 damnata
599 2413 827 2477 Athanasium.
852 2430 946 2493 quem
963 2430 1097 2488 eramus,
1115 2411 1288 2488 Constanti,

128 2534 155 2572 a
168 2515 368 2581 damnaturi?
401 2516 542 2594 illumne,
572 2535 665 2599 quem
694 2516 840 2580 uidemus
869 2514 919 2578 dei
948 2514 1049 2578 filium
1078 2513 1230 2589 confiteri,
1256 2514 1290 2577 ut

167 2621 240 2683 sunt
273 2619 408 2685 confessi
445 2619 643 2701 patriarchae
677 2618 847 2701 prophetae
883 2616 1015 2698 apostoli
1050 2635 1085 2679 ao
1115 2616 1301 2698 martyres?·

168 2742 209 2786 an
227 2724 270 2800 te,
301 2723 354 2805 qni
384 2723 427 2787 sis
456 2740 585 2805 negans,
615 2722 651 2784 ut
679 2721 808 2803 negauit
834 2720 986 2802 magister
1013 2722 1087 2783 tuus
1110 2719 1230 2796 Arrius,
1254 2719 1291 2782 ut

167 2828 363 2908 negauerunt
385 2826 529 2891 Soarioth
551 2827 649 2891 Iudas
681 2825 713 2890 et
740 2824 847 2888 annoti
874 2823 1006 2887 ludaei?
1040 2822 1118 2886 dicit
1147 2823 1224 2887 dens
1249 2822 1290 2886 ad

166 2931 312 3014 Moysen:
341 2949 406 2994 uou
428 2934 522 2994 eruut
543 2930 600 2993 tibi
622 2929 670 2993 dii
693 2927 755 2992 atii
774 2933 900 3008 praeter
922 2947 979 2992 ua.
1023 2946 1087 2989 uou
1108 2927 1207 3008 taedas
1229 2925 1289 2990 tut
1378 2993 1380 2997 ,

128 3034 313 3113 ”sculptile
335 3053 431 3114 usqua
453 3053 575 3097 omueru
589 3031 831 3095 similitudmem
847 3050 962 3110 eorum,
986 3049 1195 3111 quaecumque
1215 3033 1289 3093 suut

165 3137 201 3198 iu
223 3135 307 3200 eaelo
327 3155 455 3200 sursum
482 3139 512 3199 et
538 3155 654 3212 eorum,
689 3154 770 3215 quae
797 3138 872 3197 suut
899 3132 936 3195 iu
967 3137 1051 3196 terra
1078 3134 1232 3206 deorsum,
1261 3137 1290 3197 et

165 3258 376 3320 quoecumque
397 3243 474 3301 suaet
495 3239 532 3302 tu
554 3241 648 3319 aquis
670 3239 777 3301 subtus
798 3243 925 3301 terrum.
953 3256 1019 3299 arou
1043 3237 1191 3302 adorabis
1218 3237 1289 3301 iltis

165 3362 263 3423 aequa
284 3343 403 3406 seruies
426 3343 464 3419 et,
488 3343 643 3422 quautam
669 3361 722 3424 ago
744 3360 815 3404 sum
838 3341 985 3404 mutatus
1008 3340 1082 3404 deus
1104 3345 1187 3419 tuus,
1211 3339 1287 3402 deus

164 3448 282 3522 aeduus,
307 3446 441 3511 reddens
456 3448 591 3525 peecata
600 3448 739 3525 patruus
752 3445 791 3506 u‘u
804 3444 885 3525 filiis
900 3444 938 3506 iu
953 3443 1080 3507 tertiam
1094 3446 1123 3504 et
1137 3445 1287 3522 quartam

127 3548 346 3631 ³⁰1pa09auu'euu
372 3549 416 3611 eis
443 3547 497 3629 qut
526 3549 660 3612 oderunt
685 3567 742 3624 uae,
771 3550 801 3609 et
826 3547 949 3626 faeteus
977 3543 1288 3608 misericordiarum

165 3650 294 3717 uiduus
316 3650 365 3714 bis
387 3652 443 3731 qut
464 3650 603 3731 diliguat
624 3670 672 3713 me
703 3654 731 3713 et
753 3649 803 3712 bu's
831 3649 886 3729 qui
912 3648 1092 3711 custodiunt
1118 3649 1289 3726 praecepta

268 3889 283 3940 5
301 3889 381 3942 Dent.
401 3888 424 3951 1,
444 3887 547 3941 29-33
616 3887 650 3940 24
668 3886 703 3940 ib.
722 3888 746 3949 5,
767 3886 850 3939 7-11

214 4091 424 4146 2oredidissent
443 4092 482 4161 (nt
500 4093 531 4144 u‘u
548 4095 617 4158 ras.)
710 4090 872 4144 donnanaei
936 4089 1075 4145 ¹amorrei
1165 4091 1289 4158 isuper-

163 4197 304 4250 hahuissen
391 4161 600 4248 5formideiiiini
617 4196 648 4259 (²¹¹
666 4213 699 4249 ua.
719 4196 783 4261 reo.)
871 4195 993 4248 6uester
1011 4193 1107 4260 LXX,
1124 4191 1160 4248 ni
1182 4194 1221 4248 Va

166 4284 197 4335 12
216 4299 247 4334 ea
266 4299 281 4334 u
352 4281 384 4334 16
404 4279 550 4349 eripiendas
620 4280 653 4333 23
672 4281 806 4335 scharioth
875 4283 907 4335 27
926 4282 1006 4335 illau
