2850 4754
145 345 209 410 222
637 353 790 409 Luciferi

144 569 198 614 rex
229 550 366 614 Iudaeae
397 548 529 630 adeptus
558 548 660 624 luerit,
692 548 723 610 et
751 547 879 613 tandem
910 546 1017 612 desine
1041 548 1080 614 de
1103 550 1192 616 nobis
1216 549 1267 614 di·

144 662 231 717 cerei
255 653 381 734 superbi
402 656 477 716 sunt
492 656 584 732 atque
605 650 832 717 contumeliosi.
853 651 938 733 fecit,
960 651 1071 734 inquit,
1095 656 1179 734 quod
1201 673 1269 719 reo·

144 760 210 819 tum
233 759 278 819 est
299 758 374 818 anto
394 757 593 833 conspectum
619 753 742 817 domini
770 757 798 816 et
821 752 1005 819 ambalauit
1022 756 1061 820 in
1081 757 1139 820 uia
1156 759 1267 838 patris

142 860 194 921 sui
209 856 332 932 Dauid,
354 861 383 919 et
406 877 471 919 non
492 855 668 921 declinouit
690 856 803 920 deutra
826 861 885 920 out
904 858 1049 938 sinistra,
1075 859 1153 925 item
1175 858 1266 939 inira,

143 961 348 1042 posteaquam
379 960 488 1024 domos
515 958 735 1024 reaedificauit
764 959 881 1024 domini
905 960 937 1025 ei
959 960 1106 1026 sacerdos
1128 961 1268 1045 misisset
1292 985 1300 1023 e

141 1064 222 1145 legis
244 1064 358 1128 librum
383 1062 423 1126 ad
445 1080 568 1143 regem:
591 1066 619 1127 et
641 1061 764 1143 factuam
779 1067 832 1143 est,
857 1081 927 1126 cnm
943 1063 1086 1129 audisset
1099 1084 1155 1128 roa
1170 1065 1267 1130 uerbo

143 1166 218 1230 libri
240 1166 331 1250 lepis,
362 1166 516 1230 conscidit
542 1165 731 1228 uestimento
753 1183 823 1227 sua.
853 1168 881 1228 et
902 1166 1074 1230 mandauit
1094 1186 1151 1232 reu
1175 1165 1265 1231 Cloel-

142 1267 230 1332 ohiae
258 1269 414 1333 sacerdoti
438 1272 470 1331 et
497 1267 653 1331 Alchinoe
681 1267 750 1348 filio
783 1267 921 1348 Iosafon
954 1273 983 1332 et
1011 1269 1160 1335 Achillae
1194 1271 1263 1352 filio

144 1371 303 1437 Melchiae
319 1377 347 1436 et
364 1370 472 1452 Safon
492 1371 613 1436 scribae
635 1374 664 1434 et
678 1370 755 1434 Ioas
777 1370 846 1450 pilio
869 1373 951 1454 repis
971 1372 1096 1437 dicem:
1118 1374 1262 1454 quaerite

142 1495 163 1536 a
185 1473 312 1539 domino
335 1494 392 1553 pro
415 1495 463 1538 me
485 1477 514 1537 et
530 1493 593 1554 pro
614 1472 758 1537 omnibus
781 1473 869 1538 Iuda
890 1473 927 1537 de
949 1474 1054 1539 uerbis
1077 1475 1152 1540 libri
1167 1475 1265 1541 huius
1279 1497 1300 1536 u

141 1579 282 1663 inuenti,
316 1579 470 1660 pamiam
497 1597 618 1660 mapna
646 1579 700 1641 ira
728 1578 850 1642 domini
879 1597 1011 1642 accenso
1036 1582 1081 1642 est
1102 1579 1140 1642 in
1162 1579 1262 1662 nobis,

139 1682 290 1762 quoniam
312 1686 385 1746 non'
401 1681 573 1745 audierunt
599 1685 709 1762 patres
738 1682 840 1744 nostri
862 1681 964 1763 uerba
993 1681 1069 1745 libri
1095 1681 1192 1746 huius
1213 1701 1262 1748 se·
1285 1749 1288 1757 ,

140 1786 280 1850 cundum
296 1785 406 1849 omnia
426 1785 548 1864 sarapta
571 1788 606 1848 ut
626 1782 774 1864 facerent.
799 1788 830 1848 et
843 1784 925 1848 obiit
940 1783 1107 1850 Chelobias
1121 1785 1265 1849 sacerdos

138 1892 167 1951 et
190 1887 315 1953 Acioan
337 1891 366 1951 et
391 1887 498 1969 Safon
519 1890 548 1950 et
569 1885 648 1951 Ioas
670 1887 713 1950 ad
735 1885 848 1950 Oldam
864 1885 1110 1967 prophetissam,
1135 1907 1263 1951 oaorem

138 1991 221 2056 Solle
241 1992 304 2074 altu·
327 1991 549 2068 Pacuuianum,
578 1990 675 2055 aredis
704 1990 871 2068 custodem,
893 1995 921 2056 et
944 1993 1019 2072 ipsa
1039 1990 1204 2055 habitabat
1225 1991 1262 2054 in
1276 2008 1298 2048 a

139 2094 351 2159 Hierusalem.
374 2097 403 2157 et
418 2093 513 2157 locuti
528 2097 604 2157 sunt
618 2093 661 2157 od
676 2113 746 2157 eam
761 2094 932 2158 secandum
947 2094 1031 2159 hoec.
1055 2099 1084 2159 et
1098 2094 1185 2159 diait
1200 2094 1262 2167 eis,-

137 2196 313 2260 haecdicit
336 2195 725 2261 dominusdeusIsroel:
758 2197 830 2260 uiro
858 2197 914 2278 qni
942 2198 1032 2261 misit
1057 2217 1114 2262 uos
1142 2197 1187 2262 ad
1215 2217 1262 2261 me

140 2299 270 2384 <dicitas
292 2298 387 2382 haec>
404 2299 484 2363 dicit
498 2298 661 2365 dominus:
683 2317 747 2364 ecce
769 2298 927 2364 adducam
951 2301 1041 2365 mala
1060 2319 1156 2382 saper
1176 2300 1260 2364 hanc

138 2403 240 2467 locum
268 2406 295 2466 et
318 2420 413 2482 snper
434 2401 649 2466 inhabitantes
677 2403 715 2465 in
737 2422 807 2466 erem
832 2403 1004 2468 secundum
1031 2404 1141 2468 omnia
1162 2403 1261 2468 uerba

136 2505 210 2569 libri
232 2506 327 2571 haias
347 2525 430 2587 puae
452 2505 527 2587 lepit
548 2524 603 2569 rea
618 2504 715 2583 Iuda,
734 2525 797 2586 pro
820 2506 932 2586 quibus
954 2506 1191 2590 dereliqueram
1212 2526 1260 2572 nee
1273 2527 1300 2568 ro

136 2613 166 2674 et
187 2609 394 2674 intenderant
414 2608 466 2672 dis
487 2608 603 2673 aliems
626 2612 656 2673 et
675 2609 945 2675 eaamrbanerant
972 2630 1021 2675 me
1049 2611 1086 2674 in
1113 2609 1259 2691 operibns

137 2732 295 2777 manuum
317 2731 459 2778 suarum
488 2716 516 2777 et
537 2712 668 2776 incmso
690 2716 735 2777 est
756 2713 807 2778 ira
830 2733 899 2777 mea
920 2714 958 2777 in
979 2712 1035 2778 hoc
1056 2714 1120 2778 loeo
1142 2715 1174 2776 et
1194 2730 1258 2776 non

137 2816 365 2897 eastinpuetar.
387 2819 415 2879 et
437 2815 480 2879 ad
502 2834 604 2897 repom
625 2815 713 2879 Iuda
735 2817 791 2896 pul
811 2816 901 2880 misit
922 2835 988 2898 aas,
1010 2820 1045 2880 ut
1067 2816 1259 2897 quaereretis

136 2939 158 2981 a
179 2919 316 2997 domino,
339 2916 413 2982 haec
435 2918 562 2982 dicetis:
583 2917 659 2983 hoec
673 2917 752 2982 dicit
766 2918 912 2983 dominus
926 2920 1003 2984 deus
1017 2918 1140 2986 Israel:
1160 2918 1259 2986 uerbo

137 3041 207 3085 mea
228 3043 308 3103 puae
330 3021 451 3086 audisti
473 3026 501 3084 et
522 3021 678 3086 reueritus
698 3041 730 3086 es
752 3043 773 3086 a
795 3022 878 3103 facie
905 3042 989 3103 mea,
1023 3022 1102 3103 qaia
1135 3022 1298 3086 audistin

137 3145 217 3205 onae
240 3124 360 3188 locutus
387 3143 456 3188 sam
478 3123 515 3188 in
545 3122 645 3189 locum
674 3124 771 3188 istum
803 3129 832 3188 et
857 3123 1072 3188 inhabitantes
1093 3124 1131 3189 in
1152 3122 1257 3202 illum,

136 3229 209 3311 pieri
230 3229 268 3291 ln
295 3227 416 3292 heremo
445 3231 473 3290 et
500 3227 537 3290 in
564 3227 825 3293 maledictionem.
858 3232 888 3290 et
914 3227 1039 3292 scidisti
1065 3226 1256 3296 uestimento

135 3335 193 3395 tua
214 3336 241 3395 et
259 3329 408 3412 plorasti
425 3334 499 3394 onte
519 3335 718 3412 conspectum
739 3314 856 3414 meam,
887 3336 914 3395 et
936 3350 989 3413 epo
1012 3330 1144 3409 audiui,
1171 3331 1257 3396 diait

132 3434 279 3512 donnaus
312 3433 479 3497 uirtutum.
511 3438 641 3514 propter
668 3433 721 3497 hoo
750 3453 803 3516 epo
831 3433 950 3498 abduco
977 3437 1007 3498 te
1035 3433 1124 3514 apud
1143 3438 1256 3516 patres

132 3541 211 3620 tuos,
235 3542 263 3600 et
286 3537 457 3620 adauperis
480 3537 515 3600 in
531 3557 623 3622 pace,
645 3541 673 3601 et
695 3536 848 3601 uidebant
868 3535 952 3602 oculi
975 3537 1023 3600 tui
1038 3537 1150 3615 onmia
1165 3537 1295 3601 molan

132 3659 213 3720 puae
235 3659 288 3721 epo
309 3641 424 3704 induco
445 3641 483 3703 in
506 3639 571 3705 loco
593 3640 651 3704 isto
677 3644 707 3704 et
736 3659 830 3721 snper
852 3639 1068 3705 inhabitantes
1090 3639 1128 3704 in
1149 3639 1252 3706 illam.

234 3809 319 3865 21111
336 3811 400 3878 Reg.
418 3809 495 3874 22,2
564 3811 580 3864 6
598 3809 633 3864 ib.
652 3811 694 3874 22,
714 3812 744 3863 11
764 3841 799 3850 -
816 3810 857 3878 23,
876 3810 892 3864 8

183 3948 196 4000 1
210 3947 303 4001 iudaea
318 3949 349 4012 V,
361 3947 427 4001 Iuda
439 3949 509 4002 coni.
521 3948 658 4002 Latinius
716 3949 730 4000 7
744 3948 869 4002 lllhelchie
879 3951 903 4016 (c
915 3951 998 4016 eras.)
1057 3949 1188 4004 Selebine

130 4032 289 4103 Iosophato
378 4034 471 4088 achilie
489 4033 571 4087 filiam
589 4033 713 4088 melchie-
789 4033 944 4104 9Saphia
1037 4033 1069 4088 13
1087 4036 1190 4090 scribta

132 4119 164 4171 14
182 4119 262 4173 ollam
332 4120 363 4172 15
381 4120 496 4174 Sellaea
564 4119 743 4175 Tacuellarum
756 4137 780 4183 u,
800 4121 915 4175 Theccue
933 4121 982 4176 filii
999 4122 1066 4176 Aras
1081 4121 1249 4178 (hollandiae

130 4205 196 4258 haec
213 4205 327 4259 nomina
345 4211 378 4259 at
397 4206 456 4258 alio
467 4222 514 4261 om
528 4223 562 4260 eac
573 4222 615 4276 pr.
684 4207 716 4260 18
729 4205 885 4262 dicitehaoc
898 4207 1001 4262 addidi
1070 4207 1104 4262 29
1122 4212 1186 4278 aput

129 4288 163 4340 30
181 4305 233 4341 non
252 4287 380 4344 uidebant
400 4290 472 4344 Gall.
541 4291 572 4344 31
592 4291 678 4346 locum
694 4292 808 4348 istamo
876 4293 955 4348 illoo
