2850 4754
408 386 449 440 De
467 402 520 441 non
537 386 668 455 parcendo
686 388 714 442 in
732 387 809 442 deum
827 386 1046 456 delinquentibus.
1226 393 1286 458 251

170 597 243 662 quos
272 597 407 661 nequam
436 596 505 644 esse
536 597 571 644 ao
600 579 736 661 perfidos
766 580 909 663 designat
933 581 1055 646 dicans:
1089 583 1172 663 filios
1193 583 1288 665 pcaac'

168 689 195 748 et
214 683 372 766 eealtoai,
408 683 473 764 c'psc‘
495 687 600 746 actem
626 703 673 747 me
700 689 909 763 spreaeraat„
942 684 1013 748 hinc
1047 685 1105 749 tibi
1135 687 1287 766 superbus

169 785 292 862 uideor,
328 786 403 867 quia
429 785 555 867 cupiam
581 785 613 849 te
639 785 772 850 inueniri
800 787 881 851 inter
911 805 964 853 eos
994 806 1072 870 quos
1101 789 1212 854 unicus
1236 788 1288 853 dci

169 889 251 954 tilius
273 888 315 954 ad
336 906 468 971 rognum
491 907 583 952 suurn
605 888 729 952 inuitat
742 889 864 955 dicens:
887 893 1000 970 acuite,
1019 892 1171 956 benedicte?
1183 892 1289 971 patris

147 995 242 1070 rma,
273 992 428 1075 percipite
456 1012 587 1075 capream
616 994 698 1073 qaod
724 995 812 1058 aobc's
838 999 993 1076 paratam
1021 1000 1064 1060 est
1095 996 1133 1057 ab
1166 995 1289 1078 criptae

168 1096 289 1161 maadi.
326 1095 362 1159 tu
383 1094 442 1159 titi
465 1094 626 1160 arbitraris
650 1096 872 1161 contumeliam
892 1098 926 1160 te
948 1097 1023 1178 pati,
1048 1098 1122 1179 quia
1144 1096 1289 1162 dicantur

168 1198 223 1263 titi
251 1216 332 1280 quae
359 1215 437 1263 uera
466 1199 553 1272 sunt,
575 1199 749 1280 apostolus
778 1198 933 1280 gloriosus
956 1200 1064 1263 contra
1085 1201 1215 1264 mandat
1238 1199 1288 1264 di·
1401 1226 1405 1235 ³

168 1319 257 1367 cens:
288 1306 454 1383 peccantes
477 1321 584 1366 coram
606 1302 750 1366 omuibus
779 1321 894 1384 cepae,
928 1306 964 1364 at
985 1307 1012 1366 et
1034 1305 1126 1366 ccterc'
1148 1305 1289 1367 timorem

83 1477 89 1491 ‚
168 1405 312 1471 tateoat.
335 1405 387 1469 cui
411 1405 589 1469 auscultare
612 1423 663 1468 me
687 1404 829 1486 oportet?
850 1404 948 1469 tibine
965 1405 1017 1487 qui
1035 1405 1137 1471 dicas:
1158 1407 1226 1470 stae
1240 1425 1295 1470 me·

136 1509 395 1574 nazaraenae·
416 1507 612 1591 ecliptoaem,
646 1526 755 1572 saccos
776 1508 844 1572 cias
866 1512 1044 1573 coaaertcre
1067 1509 1110 1573 od
1131 1507 1288 1573 aate'ctre'-

168 1617 266 1693 stum,
300 1612 369 1677 sirac
396 1632 445 1676 me
471 1613 508 1673 c'a
536 1610 704 1693 sacrttepc'o
731 1610 787 1675 hoc
815 1632 881 1675 mco
911 1616 1039 1697 coactos
1061 1617 1212 1689 statuere,
1249 1629 1288 1676 an

168 1715 260 1780 beato
291 1715 430 1796 apostolo
459 1714 512 1795 qui
540 1713 616 1777 mihi
644 1713 798 1795 praecipit
825 1714 861 1776 ut
887 1714 920 1778 te
948 1715 1131 1796 peccantem
1160 1732 1289 1797 arguam

168 1836 273 1882 coram
302 1816 445 1881 cunctis?
479 1815 535 1880 sod
563 1815 589 1881 si
618 1817 778 1881 existimas
809 1835 937 1899 parcere
965 1836 1016 1881 mo
1044 1817 1102 1882 tibi
1132 1817 1287 1895 debuisse,

167 1921 333 2003 propterea
355 1919 440 2002 quod
462 1920 505 1984 sis
527 1919 713 2000 imperator,
751 1921 782 1984 et
804 1920 835 1983 in
857 1921 915 1984 hoc
938 1919 1087 1984 inueniris
1109 1919 1287 2001 inprudens.

135 2023 364 2089 1⁶uudis'enim
392 2022 497 2086 dicere
527 2020 717 2104 apostolum:
747 2027 913 2102 peccantes
936 2042 1043 2086 coram
1066 2023 1208 2087 aeneidas
1231 2045 1287 2087 ar-

166 2149 234 2211 pae,
257 2132 293 2191 at
314 2131 342 2190 et
364 2125 458 2190 ceteri
479 2125 620 2188 timorem
642 2123 797 2202 tobcoat;
831 2124 862 2188 et
887 2124 938 2201 tu,
973 2125 1140 2209 debueras,
1173 2126 1287 2207 inquis,

169 2229 246 2294 mita
268 2228 449 2310 specialiter
465 2247 613 2308 parcere,
639 2229 716 2308 pato
744 2227 874 2308 fuissem
902 2248 959 2291 rea
979 2227 1121 2293 Romaae'
1150 2229 1288 2308 imperti.

170 2334 202 2398 et
228 2332 282 2397 ubi
310 2332 405 2396 istam
432 2330 688 2394 testificationem
716 2330 1022 2412 praetermittebam:
1059 2335 1288 2395 testaceorum

169 2437 224 2500 deo
247 2441 275 2500 ct
300 2434 425 2499 Otrtsto
448 2435 523 2498 lesa
545 2438 574 2498 et
595 2432 698 2497 ctcctc‘s
721 2433 858 2515 appetis,
889 2437 925 2498 at
946 2433 1021 2498 tace
1042 2434 1199 2498 custodias
1219 2435 1290 2499 siae

135 2539 157 2578 ’⁰
171 2539 364 2619 discrimine,
387 2536 472 2600 reticii
493 2537 618 2618 faciens
641 2538 677 2600 c'a
700 2537 802 2602 alc'ora
820 2540 947 2618 partera
969 2536 1181 2601 declc'aaado?
1217 2536 1288 2599 hino

170 2642 255 2706 certo
277 2641 336 2706 tibi
358 2639 467 2704 uideor
491 2659 560 2705 essa
582 2639 844 2716 contumeliosus,
874 2637 949 2721 quia
969 2640 1138 2721 praecepta
1159 2639 1216 2702 tua
1239 2638 1289 2702 dei

169 2744 345 2826 praeceptis
379 2762 439 2807 non
474 2744 716 2825 anteposuerim.
753 2743 785 2806 in
808 2742 940 2807 Actibus
974 2743 1184 2824 apostolorum
1217 2742 1289 2823 lego

123 2889 124 2893 =
168 2847 278 2911 beatos
303 2847 459 2928 apostolos
480 2848 588 2928 raptos
611 2849 650 2912 ab
674 2848 735 2924 eis,
763 2864 894 2928 quorum
918 2864 951 2909 es
972 2845 1129 2928 particeps
1152 2863 1213 2909 non
1235 2862 1288 2908 so-

168 2950 233 3014 lum
256 2949 288 3013 in
310 2949 541 3026 incredulitate,
566 2947 622 3013 scd
646 2949 677 3014 et
698 2948 895 3026 crudelitate,
921 2949 952 3012 et
973 2948 1176 3030 praecaptum
1192 2946 1290 3011 fuisse
1370 3024 1374 3032 Ι

133 3050 232 3116 anns
259 3071 298 3116 ne
329 3051 477 3115 docerent
503 3052 535 3115 in
563 3051 687 3116 nomine
715 3051 832 3115 domini
854 3049 952 3115 nostri
973 3053 1047 3115 Iesu
1070 3051 1195 3117 Christi.
1234 3050 1290 3115 sed

168 3154 334 3219 uideamus
357 3154 473 3235 pariter
495 3156 596 3236 ipsam
619 3173 728 3219 sacrae
751 3153 925 3234 scripturae
947 3154 1078 3234 partem,
1108 3155 1135 3219 si
1159 3152 1290 3236 apostoli

168 3257 346 3339 praeceptis
370 3257 421 3320 dei
443 3257 527 3321 unici
550 3257 608 3321 filii
629 3257 827 3320 inimicorum
843 3256 1087 3338 temperauorint
1103 3276 1141 3320 an
1157 3276 1195 3321 aa
1209 3273 1289 3338 quae

168 3359 328 3442 implenda
350 3359 552 3441 susceperant
565 3359 791 3425 instantissime
806 3359 922 3424 iruerint
935 3358 1145 3441 perficientes.
1168 3346 1289 3422 aocca-

168 3466 228 3540 tes,
258 3460 375 3544 inquit,
407 3461 561 3545 apostotos
583 3481 689 3527 caesos
710 3481 760 3527 eos
781 3462 981 3545 dimiserant,
1002 3461 1230 3542 praecipientes
1251 3480 1290 3524 ac

131 3563 370 3645 ⁸⁰loquerentur
396 3566 434 3628 c'a
462 3565 591 3629 aomina
617 3565 694 3629 Iesa
721 3563 784 3629 atlc'
811 3565 985 3630 homiaem.
1021 3562 1075 3626 cicc·
1102 3581 1173 3644 erpo
1202 3562 1290 3627 acac
1340 3570 1348 3590 ·

167 3667 340 3748 poadeates
354 3689 376 3730 a
398 3672 562 3749 conspecta
585 3667 720 3747 coaciltc‘,
742 3668 826 3749 qaod
841 3688 905 3751 pro
927 3667 1053 3731 aeratae
1074 3664 1166 3745 dipac'
1188 3663 1290 3741 habiti

169 3772 246 3832 suat
272 3767 492 3833 coutumeliam
512 3769 597 3850 potc'.
637 3770 725 3832 omac'
746 3772 853 3832 actem
874 3769 925 3833 cce
952 3768 988 3832 c'rc
1015 3767 1130 3849 tempto
1153 3771 1181 3831 ct
1203 3768 1289 3831 dorac'

272 3955 349 4009 ras.
369 3956 429 4018 1,2
515 3955 759 4018 incantata
849 3955 979 4012 elram.
997 3957 1022 4019 5,
1041 3957 1074 4010 20
1161 3956 1193 4009 15
1210 3954 1245 4008 ib.
1265 3955 1289 4016 5,

169 4041 203 4094 20
273 4041 305 4095 18
323 4042 358 4095 ib.
377 4042 402 4104 5,
421 4042 452 4094 21
522 4041 632 4096 aanor.
651 4043 676 4107 5,
694 4041 796 4095 40—-42

238 4212 254 4264 6
278 4211 337 4280 tibi]
361 4211 400 4264 ibi
423 4212 515 4278 fort·
602 4210 634 4264 18
659 4210 843 4296 ptarmittebat
944 4211 978 4264 28
1000 4211 1184 4280 praefinientes
1207 4229 1223 4266 o

168 4296 202 4349 30
220 4296 386 4366 loquerentur
