2850 4754
499 397 540 451 De
559 398 650 450 sancto
668 394 814 449 Athanasio
833 393 901 447 liber
916 393 936 447 I.
1240 352 1280 458 61

162 586 201 650 ad
224 584 320 649 deum
350 585 484 650 anobis
510 584 613 662 dete,
648 583 802 666 quomodo
831 582 926 646 tuerit
955 583 1073 647 dictum
1104 583 1142 647 de
1171 583 1282 666 refuga

161 690 213 754 illo
238 689 351 772 angelo
379 708 506 771 serpeus
525 690 628 755 666611
649 708 715 754 me:
740 686 944 754 Constantius
966 688 1140 767 imperator
1156 686 1280 752 seduxit

162 812 235 873 mos;
258 792 449 857 credidimus
471 792 500 857 ei
522 812 594 856 eom
615 790 767 855 arbitrati
788 790 886 872 fuisse
909 788 1073 855 tmoiuem.
1096 806 1156 853 non
1172 788 1280 852 uidere

162 895 300 976 potuisti,
325 894 399 977 quia
420 893 521 976 possis
543 893 601 956 tali
616 892 738 975 percuti
762 892 812 957 dei
827 891 1018 974 indignantis
1043 890 1197 954 sententia
1220 908 1283 972 qua

143 1016 330 1078 6661666666
353 997 479 1063 uidetur
503 997 534 1060 61
557 1000 706 1078 serpens?
729 996 780 1060 661
801 995 930 1060 dicitur:
954 994 1030 1076 6616
1046 997 1080 1057 16
1093 994 1199 1076 fecisti
1216 993 1280 1077 too,

163 1100 347 1165 maledictus
381 1104 415 1163 16
446 1099 485 1164 ot
515 1099 656 1162 omuibus
681 1097 855 1179 pecodibus
883 1101 911 1160 61
938 1099 977 1160 61
1006 1096 1149 1161 ommibus
1176 1095 1282 1161 bestiis

162 1206 272 1280 terroe,
296 1221 377 1284 6666
399 1206 474 1266 suut
490 1221 585 1282 super
601 1205 736 1280 murum·
758 1220 853 1280 super
865 1202 976 1279 pectus
991 1202 1175 1263 6166616666
1191 1202 1280 1264 tcum

162 1323 248 1386 repes
270 1309 299 1368 et
322 1309 442 1368 terame
457 1305 525 1370 edes
539 1303 683 1369 ommibus
700 1304 806 1368 dietus
821 1303 909 1366 61166
923 1306 1004 1366 tuoe.
1029 1305 1059 1366 61
1071 1301 1280 1366 inimicitiam

158 1426 279 1486 mmmm
302 1407 385 1473 iuter
400 1411 428 1472 16
444 1411 472 1471 61
488 1405 652 1471 mutierem
667 1410 696 1469 61
710 1407 793 1470 iuter
807 1424 911 1469 semem
932 1409 1023 1469 tuum
1038 1408 1066 1468 61
1080 1406 1165 1469 iuter
1178 1423 1282 1471 semem

130 1511 240 1589 1⁰eios3
270 1511 342 1591 ipse
364 1514 454 1574 tuum
477 1509 655 1574 obsemotd
678 1513 782 1589 caput,
813 1511 899 1572 6116
922 1507 989 1571 eius
1012 1507 1190 1574 obseruatis
1213 1508 1279 1572 cot·

163 1632 307 1678 oomemm.
330 1613 460 1676 666116
483 1612 569 1676 6116
594 1611 644 1675 161
668 1611 816 1676 offensam
830 1610 989 1674 incurrere
1004 1611 1153 1692 potuisse,
1177 1613 1213 1676 ut
1227 1612 1282 1679 ille

162 1711 370 1781 incucurrerit
394 1715 534 1799 angelus,
565 1735 602 1780 er
630 1717 688 1779 hac
717 1733 780 1778 una
807 1714 965 1778 sententia
987 1713 1106 1777 domini
1129 1713 1282 1780 debueras

162 1819 332 1898 reminisci,
355 1819 539 1902 praesertim
563 1839 634 1884 cum
650 1837 855 1902 cognosceres
877 1818 966 1891 tuum
983 1817 1078 1880 etiam
1093 1835 1169 1898 opus
1186 1817 1282 1882 1111666
1311 1873 1313 1878 ,

164 1921 396 2003 serpentinum?
428 1941 466 1986 an
489 1940 562 1986 cum
583 1922 637 1986 ille
661 1939 787 2003 serpens
810 1920 904 1985 fuerit
917 1919 1018 1984 factus
1041 1939 1077 1984 611
1094 1920 1223 2002 angelis,
1246 1920 1282 1984 tu

128 2044 151 2083 6
165 2043 201 2087 er
212 2024 390 2089 hominibus
404 2025 580 2106 serpentem
591 2025 623 2088 te
638 2023 707 2088 fieri
720 2023 860 2106 potuisse
874 2041 907 2087 66
925 2023 1115 2087 arbitratus?
1138 2022 1280 2096 minime3

164 2126 221 2190 sed
246 2127 334 2193 dicas
357 2126 463 2204 uelim,
487 2127 563 2208 quid
584 2126 708 2191 intersit
729 2126 810 2189 inter
832 2125 922 2188 tuum
946 2126 1038 2207 atque
1061 2125 1154 2189 huius
1178 2124 1281 2207 angeli

163 2229 293 2311 refugae
328 2230 489 2311 apostatae
523 2229 650 2293 factum.
697 2229 723 2293 si
755 2228 810 2293 1116
839 2228 1003 2292 mendacio
1032 2228 1156 2293 seduxit
1184 2227 1281 2292 rudes

164 2332 316 2410 homines,
341 2333 431 2410 6116,
453 2333 484 2395 61
499 2332 626 2414 quidem
640 2332 675 2395 tu
698 2350 758 2395 non
773 2331 883 2406 rudes;
908 2331 934 2395 si
949 2331 1003 2395 ille
1019 2331 1164 2395 utilitatis
1179 2330 1283 2412 gratia

166 2434 206 2498 ad
228 2435 349 2500 arboris
372 2453 479 2508 eorum
500 2434 610 2497 inlexit
630 2435 751 2498 mentes
772 2433 893 2498 1666166
910 2433 1057 2512 edendos,
1083 2434 1114 2497 61
1127 2434 1172 2512 16,
1195 2434 1283 2516 66616

127 2552 152 2594 ao
165 2555 262 2617 66666
283 2537 316 2600 16
339 2536 534 2602 1666166166
558 2536 757 2602 adstruxeris.

206 2640 248 2703 ΙΙ.
274 2638 415 2721 Cumque
432 2639 569 2703 omnium
584 2638 830 2704 Christianorum
845 2640 925 2703 bono
939 2639 972 2702 16
995 2640 1053 2703 hoc
1070 2656 1146 2720 opus
1169 2637 1284 2703 dixeris

166 2741 362 2823 adgressum,
379 2741 487 2823 utique
501 2741 643 2823 inspecta
665 2760 759 2824 opera
772 2742 829 2806 tua
844 2742 936 2811 datur
950 2741 1092 2823 intellegi
1108 2741 1284 2822 serpentem

164 2842 197 2906 16
220 2843 312 2908 illum
336 2862 404 2908 esse
426 2844 595 2916 imitatum.
635 2844 764 2926 cupiens
788 2842 837 2907 dei
853 2843 1072 2907 mandatorum
1093 2842 1163 2906 fieri
1177 2844 1283 2908 trans·

165 2963 339 3027 gressuros,
363 2945 479 3010 dedisti
500 2946 670 3027 praecepta
700 2945 912 3017 damnandum
935 2964 1004 3009 esse
1026 2945 1202 3010 inauditum
1226 2947 1283 3010 ab·

130 3048 290 3112 essentem
312 3049 551 3131 negandamque
576 3048 768 3113 audientiam
789 3067 923 3131 purgare
938 3067 1030 3131 posse
1047 3067 1080 3113 66
1098 3049 1137 3113 de
1153 3049 1282 3115 crimine

168 3151 292 3216 obiecto
314 3151 529 3232 proclamanti.
574 3152 657 3216 Abel
677 3150 864 3215 interficitur
891 3151 993 3216 iustus
1023 3151 1054 3215 et
1074 3151 1285 3234 interrogatus

169 3252 249 3317 Cain
277 3254 372 3318 sumit
395 3254 598 3330 sententiam
635 3255 728 3319 6116
758 3254 875 3318 domini
901 3254 1078 3319 inauditum
1107 3255 1155 3318 uis
1183 3255 1285 3336 puniri

169 3356 389 3421 sacerdotem?
411 3357 516 3438 foetos
530 3362 582 3438 est,
597 3357 708 3439 inquit,
724 3357 803 3427 Atei
818 3361 931 3439 postor
948 3359 1064 3438 ouium,
1083 3358 1165 3422 Ouia
1180 3362 1285 3422 eutem

169 3463 238 3523 erat
261 3478 396 3539 operosae
417 3463 546 3524 terram.
570 3463 599 3522 61
619 3459 741 3540 fectum
764 3463 819 3542 est,
837 3457 1286 3541 6661116661161110616116

134 3575 156 3616 ³0
168 3560 278 3641 fructu
301 3566 404 3627 terroe
425 3562 620 3643 sacrificium
642 3561 778 3645 dommo,
808 3561 937 3627 61Α161
963 3561 1071 3626 obtulit
1098 3565 1127 3625 61
1154 3560 1220 3642 ipse
1249 3559 1289 3625 dc

167 3662 325 3743 primitiis
347 3665 454 3728 ouium
475 3683 618 3748 suorum,
640 3668 669 3728 et
690 3664 826 3748 respexit
847 3664 921 3730 deos
942 3683 1036 3744 super
1050 3661 1129 3728 Atei
1151 3667 1178 3728 et
1193 3681 1288 3743 super

272 3815 288 3868 5
307 3815 371 3869 sen.
390 3815 415 3880 s,
435 3817 475 3870 14.
494 3816 525 3869 15
594 3816 628 3870 es
645 3816 681 3872 rs.
698 3817 724 3885 4,
742 3817 808 3869 6-1

222 3917 350 4007 liddeum
368 3953 387 4024 (1ἰ
404 3972 438 4009 m.
451 3957 480 4022 2)
550 3955 663 4010 fuerato
732 3955 879 4010 3666666
948 3957 1020 4025 iqui
1089 3956 1121 4008 10
1140 3955 1289 4010 6166166611

169 4055 437 4111 6116661166
519 4058 551 4111 12
566 4058 736 4113 incurrerito
818 4059 849 4112 15
867 4060 895 4112 te
912 4074 934 4113 s.
953 4059 968 4113 t.
988 4061 1060 4114 md
1142 4058 1174 4110 19
1191 4031 1288 4111 1166136

170 4140 302 4195 6611661166
415 4143 502 4198 uerbo
520 4145 594 4196 6116
611 4145 683 4213 pacis
700 4174 734 4183 -
752 4145 891 4198 astruxeris
910 4145 1119 4216 emimopmitur
1136 4146 1220 4216 culpo

170 4214 204 4280 2'0
222 4228 289 4297 cum]
309 4228 346 4282 eis
364 4229 430 4284 odd.
453 4231 479 4284 V
492 4246 513 4285 s.
533 4231 549 4286 t.
568 4247 601 4286 m.
620 4247 671 4288 rec.
690 4236 717 4287 et
734 4247 750 4286 o
836 4231 869 4286 23
887 4232 1000 4302 cupiens]
1020 4248 1067 4287 nos
1085 4233 1152 4289 odd.
1173 4232 1291 4287 (161166-

173 4315 238 4368 1166
308 4315 341 4368 26
358 4316 545 4384 proclamatum
562 4335 578 4372 o

1170 4375 1206 4474 gn
