2850 4754
619 335 768 391 Luciferi

660 558 715 624 VI.

232 696 585 781 aruspiscina
611 693 884 780 chmssvu
910 693 1151 794 EPISTVLA.

131 895 254 935 nominc
277 892 511 935 cnosrosrssnuo
534 892 572 933 nc
595 893 713 933 numne
741 890 1039 933 nnsmnsarmrssrmo
1069 889 1249 932 consrscono

322 996 474 1037 aversano
498 993 693 1036 amassenus
716 995 750 1034 rs
772 993 894 1035 nomme
917 993 1070 1034 scaurum.
1228 964 1232 973 “

176 1109 244 1172 Etsi
267 1107 361 1172 credo
385 1107 565 1189 peruenisse
589 1106 684 1170 etiam
710 1104 749 1169 ad
773 1106 972 1171 sanctitatem
994 1106 1082 1169 tuam
1113 1105 1152 1170 de
1180 1126 1279 1189 per-e

133 1210 306 1287 secutione,
341 1229 435 1292 quam
471 1209 566 1274 etiam
594 1228 674 1274 nunc
707 1209 858 1273 aduersus
890 1209 1119 1274 fraternitatem
1153 1209 1250 1273 facere

34 1302 36 1308 ’
135 1315 241 1378 conati
276 1313 348 1376 sunt
380 1312 498 1376 inimici
529 1311 645 1377 Christi
678 1311 864 1394 quaerentes
892 1311 1076 1393 sanguinem
1104 1313 1250 1388 nostrum,

134 1417 267 1497 possunt
294 1415 400 1479 tamen
434 1415 530 1478 etiam
559 1414 712 1479 carissimi
743 1414 977 1491 nostrireferro
1000 1415 1146 1498 religioni
1167 1415 1251 1490 tuam

135 1519 166 1581 in
191 1518 314 1581 tantum
338 1517 420 1580 enim
443 1517 562 1581 rabiem
586 1535 675 1580 suam
697 1536 753 1598 per
767 1515 884 1581 milites
907 1516 1074 1582 extendere
1092 1517 1251 1595 ausisunt,

135 1621 172 1683 nt
199 1639 258 1684 non
282 1619 382 1684 solum
399 1605 537 1683 ciuitatis
553 1617 684 1683 clericos
702 1618 882 1700 effugarent,
907 1618 963 1682 sed
987 1619 1083 1683 etiam
1109 1619 1148 1684 ad
1163 1621 1282 1684 here-10

135 1723 217 1789 miae
252 1723 371 1787 exirent
408 1725 440 1786 et
469 1721 608 1786 funestas
637 1741 709 1786 suas
740 1741 852 1785 manus
880 1721 1032 1787 aduersus
1061 1727 1254 1806 μονάζοντας

64 1884 69 1897 ,
136 1825 340 1889 inmitterent.
385 1825 458 1889 inde
487 1824 606 1889 factum
635 1825 684 1900 est
713 1826 748 1889 ut
772 1825 866 1889 etiam
895 1844 952 1908 ego
980 1845 1031 1889 me
1052 1824 1178 1909 longius
1202 1825 1252 1890 ab·

138 1928 297 2005 ducerem,
321 1948 360 1992 ne
384 1929 480 1992 etiam
509 1927 640 2010 quinos
664 1929 871 2011 susceperunt
892 1927 1051 2010 negotium
1076 1929 1116 1992 ab
1141 1926 1252 1993 eisdem

136 2029 326 2114 paterentur.
373 2029 424 2094 cui
453 2029 568 2094 etenim
596 2030 727 2111 parcent
750 2029 873 2094 Arriani
903 2031 954 2112 qui
977 2049 1034 2094 nec
1061 2031 1172 2095 animis
1196 2030 1253 2095 suis

137 2134 364 2215 pepercerunt?
389 2132 513 2214 quando
538 2134 641 2197 autem
664 2135 795 2216 possunt
817 2134 964 2199 recedere
989 2153 1007 2197 a
1030 2134 1095 2198 suis
1118 2133 1254 2198 nefandis
1266 2146 1284 2187 1⁵

142 2235 275 2312 actibus,
300 2235 374 2299 dum
397 2236 580 2316 permanent
602 2235 744 2319 negando
771 2236 929 2301 dominum
952 2235 1113 2302 Christum
1135 2237 1255 2300 unicum

141 2337 241 2401 filium
265 2338 335 2402 dei?
358 2339 435 2402 haec
460 2339 508 2408 est
529 2337 618 2401 radix
642 2357 748 2403 eorum
772 2338 946 2422 prauitatis,
970 2341 1027 2403 hoc
1051 2359 1108 2404 suo
1134 2356 1254 2403 arenoso

140 2440 341 2505 fundamento
359 2439 528 2504 aedificant
541 2459 707 2522 peruersas
724 2459 797 2506 suas
813 2441 891 2520 uias,
911 2441 995 2505 sicut
1007 2442 1160 2525 scriptum
1170 2441 1255 2506 inue-

141 2543 246 2607 nimus
268 2545 300 2606 in
322 2530 416 2607 tertio
442 2542 562 2607 decimo
578 2543 716 2625 psalmo:
739 2543 823 2608 dicit
842 2545 997 2624 insipiens
1018 2547 1056 2608 ia
1078 2545 1168 2610 eorde
1190 2564 1256 2609 sao:

144 2665 211 2710 sos
234 2649 278 2710 est
298 2646 383 2724 deus,
410 2645 441 2709 et
462 2664 535 2709 mox
558 2644 713 2726 sequitu:
737 2647 879 2727 cecropii
900 2652 975 2710 scat
996 2645 1287 2712 etebomiocdiless

147 2749 227 2829 faeti
247 2752 324 2813 scut
343 2749 379 2812 iii
403 2748 546 2830 operibus
568 2749 647 2815 scis.
685 2748 758 2812 inde
781 2747 892 2813 Iudaei
914 2750 1065 2832 negantes
1087 2749 1190 2814 fitium
1212 2747 1257 2814 dci
1289 2826 1292 2835 ,

147 2849 233 2933 digni
254 2850 378 2914 fuerunt
403 2849 525 2914 audire:
548 2871 618 2928 cce,
638 2870 715 2934 pecs
725 2853 898 2932 peccatrix,
917 2853 1059 2934 populas
1069 2853 1188 2935 plenos
1209 2854 1256 2920 dc-

120 3013 123 3019 ,
150 2952 245 3030 lictis,
268 2972 370 3018 semea
386 2953 574 3036 metipsum,
597 2953 662 3036 filii
676 2954 745 3018 sine
761 2955 833 3038 ispe.
856 2956 1023 3020 sedeciae
1039 2955 1125 3040 lege?
1147 2958 1258 3040 pompe

147 3055 225 3136 poia
252 3055 462 3136 dereliquistis
490 3056 663 3120 dominum.
710 3055 783 3120 inde
813 3056 1013 3122 beatissimus
1040 3057 1160 3123 Paulus
1193 3077 1259 3123 cum

44 3215 51 3229 ,
144 3155 301 3238 coepisset
322 3176 382 3221 non
404 3157 527 3221 tantum
543 3156 670 3222 credere
686 3157 718 3221 in
734 3157 834 3222 filium
851 3159 911 3237 dei,
935 3179 1044 3224 uerum
1061 3160 1157 3225 etiam
1170 3180 1290 3244 prae-s

145 3259 252 3323 dicare
277 3259 427 3324 deitatem
450 3259 557 3342 ipsius,
582 3262 755 3326 scribebat:
789 3263 825 3326 iii
852 3263 941 3328 eollo
969 3264 1050 3327 mibi
1077 3265 1158 3329 mali
1187 3285 1258 3330 eea-

141 3364 225 3428 scics
247 3382 327 3427 scm.
350 3362 396 3426 ita
418 3362 505 3426 iuxta
527 3364 666 3429 uestram
688 3364 916 3429 confessionem
939 3365 1033 3430 etiam
1049 3385 1105 3432 nos
1122 3368 1259 3452 optamus

251 3532 440 3597 15Pe.13,1
512 3534 544 3587 16
561 3532 606 3587 Ps.
627 3533 704 3598 las
759 3535 806 3605 018
824 3535 867 3589 Es.
888 3535 945 3603 1,4
1012 3535 1232 3600 streonae

194 3700 238 3756 VI.
265 3702 350 3756 Hesio
373 3703 523 3771 epistelam
546 3719 580 3758 ca
598 3705 724 3772 antiquis
746 3704 856 3758 Gallice
873 3706 1014 3760 codicibus
1031 3707 1106 3760 inter
1125 3713 1208 3762 rictas
1226 3706 1260 3760 ed
1300 3711 1304 3719 ‘

147 3785 280 3854 Vipiiiuea
290 3788 456 3856 Topserisem
465 3805 495 3856 p.
507 3791 560 3842 109
571 3804 610 3857 sq.
622 3789 713 3844 edidit
726 3788 881 3856 Obiffletius
894 3796 920 3844 et
931 3791 1006 3844 ister
1016 3793 1173 3846 Athanasii
1181 3808 1261 3863 opere
1315 3802 1318 3808 ’

145 3872 198 3924 12
218 3887 248 3938 p.
271 3874 324 3926 965
345 3872 584 3940 Mositfoueenios
684 3889 798 3931 nomae
822 3906 855 3916 -
873 3891 1003 3932 smvnnir
1024 3878 1156 3933 inscribit
1177 3881 1209 3935 V·

144 3971 365 4026 6fratcrnitatem
376 3977 497 4029 nostum·
507 3975 588 4044 Obiff.
657 3978 689 4032 10
700 3946 828 4033 heremias
847 3980 864 4044 (²
882 3995 918 4032 ss.
935 3981 962 4046 1)
987 3981 1016 4048 V,
1034 3980 1163 4035 heremias
1181 3965 1263 4037 codsa

151 4059 217 4112 Veri.
235 4074 287 4124 qao
306 4059 392 4112 Goieti
409 4062 562 4116 aasentias
578 4068 605 4116 et
623 4062 703 4130 Gbiff.
807 4064 837 4117 11
860 4067 1028 4119 monazontes
1052 4067 1078 4120 V
1094 4069 1153 4135 (eia.
1171 4070 1199 4135 o)

150 4143 182 4196 12
202 4160 249 4212 ego
267 4160 316 4199 om.
338 4147 403 4200 Veri.
481 4147 514 4200 14
531 4149 573 4202 cui
591 4149 671 4202 etiam
688 4151 824 4218 parcerent
845 4151 909 4204 Vero.
977 4151 1054 4203 minis
1076 4152 1141 4206 Veri.
1158 4158 1192 4206 et
1208 4153 1263 4206 aiio

150 4230 277 4283 mendose
345 4228 376 4282 21
395 4231 483 4285 iudaei
500 4249 521 4288 s.
540 4235 556 4288 i.
625 4234 659 4288 26
677 4235 818 4304 scribebat]
838 4234 904 4288 dixit
922 4235 1000 4302 Obiff.
