2850 4754
1162 412 1250 461 XXXI

126 582 264 665 probare
287 599 319 645 es
335 585 447 663 777777
469 582 537 663 (777
561 579 642 644 enim
664 579 872 658 coniecturae,
895 598 989 662 quem
1003 581 1035 644 in
1051 581 1250 648 adnotatione

133 681 280 766 proposui
309 683 401 764 quod,
431 682 592 765 praestaro
621 683 720 766 7717).
744 720 787 731 -
811 683 883 762 232,
916 683 955 750 19
984 684 1128 748 77777777
1155 684 1250 765 7777

134 789 227 869 (quae
248 784 291 867 V)
323 789 351 851 77
378 805 439 868 pro
467 786 568 850 tautis
596 785 796 866 consequitur
824 787 945 850 meritis
974 785 1041 870 (ubi
1061 785 1251 852 indicatione

135 886 257 970 nullum¹
289 886 489 952 offensionem
517 887 632 952 hebere
667 887 809 969 exempla
838 886 950 952 1711717
982 907 1011 971 p.
1035 887 1096 952 367
1124 887 1251 963 177777

138 989 289 1054 audacius
311 988 453 1055 Latinius
475 1010 619 1071 quae-
641 994 874 1072 consequentur,
899 989 998 1055 711177
1020 1011 1157 1072 quae-
1179 1011 1251 1056 eou-

133 1093 274 1176 sequitur
293 1092 430 1180 (77777)
456 1091 680 1174 coniecerunt).
706 1131 742 1141 -
768 1090 840 1171 282,
861 1092 939 1157 477
961 1093 1071 1158 uideas
1092 1114 1172 1175 quae
1193 1094 1251 1158 77-

133 1197 193 1261 777
215 1215 311 1278 super
333 1195 395 1260 7777
416 1216 514 1278 7777
538 1198 642 1279 (quem
658 1194 700 1276 V)
724 1196 792 1260 iam
815 1196 990 1278 aequauisti
1010 1197 1139 1280 qesserit
1154 1197 1252 1261 Auti-

134 1298 229 1364 777777
253 1297 340 1383 (244,
365 1297 666 1379 1477777771777,
690 1295 830 1379 quemV
854 1297 979 1378 71257,
1003 1299 1254 1381 9quaeeumque

133 1420 162 1480 v,
186 1420 413 1499 quamcumque
427 1399 538 1483 V).-
557 1399 670 1479 303,1
694 1401 750 1481 777
771 1399 823 1464 uel
845 1401 927 1482 7777
946 1419 1002 1483 777
1024 1422 1156 1484 quo-
1119 1402 1253 1479 -129,

134 1502 176 1569 30
199 1502 325 1581 71179,
350 1502 389 1567 17
412 1504 467 1584 777
491 1503 581 1586 (7777
603 1501 655 1583 7).
690 1501 799 1566 eontra
822 1501 893 1580 151,
921 1502 960 1568 14
983 1505 1123 1585 quia-
1145 1505 1255 1586 77771
1357 1557 1362 1567 .

137 1604 209 1685 170,
233 1606 274 1670 29
297 1607 353 1687 777
369 1643 411 1652 -
434 1603 796 1688 777717777717717,
820 1623 877 1669 777
899 1605 951 1684 57,
974 1607 1016 1671 23
1038 1608 1115 1688 7777
1136 1642 1179 1653 -
1199 1608 1255 1689 777

134 1709 277 1774 Latinius
310 1707 432 1772 tentore
467 1706 610 1784 debebat,
646 1725 725 1788 queo
757 1706 861 1771 777717
886 1706 1029 1771 77117771
1049 1707 1155 1774 studio
1178 1710 1254 1774 77117

137 1810 352 1875 defendantur.
393 1811 424 1876 71
458 1810 563 1875 777717
594 1828 632 1872 77
662 1810 713 1896 52,
743 1809 763 1873 6
796 1809 854 1874 hee
896 1809 1095 1875 distinetione
1136 1810 1255 1876 codicis

138 1912 551 1997 77771777177717777117
575 1914 625 1979 eui
647 1899 822 1977 777777777
843 1913 930 1996 77777
953 1933 1062 1996 merope
1083 1913 1203 1986 Aetoii,
1226 1915 1255 1979 77

136 2016 191 2098 777
220 2037 290 2080 eum
319 2016 533 2097 dereliquerat,
565 2017 620 2097 777
642 2013 748 2079 Bauli
770 2017 799 2078 77
828 2015 971 2079 omuibus
993 2017 1167 2080 daemouiis
1189 2036 1254 2081 ser·

135 2121 207 2185 7777
228 2121 332 2184 Israel
354 2121 479 2202 sereret.
513 2120 638 2201 Quia?
664 2119 728 2202 (777
744 2117 876 2198 7771771)
891 2122 1062 2200 propterea
1077 2118 1256 2182 auxiliatus

136 2227 182 2286 est
215 2241 325 2303 777777
357 2226 394 2285 77
424 2222 568 2286 erederet.
607 2223 686 2303 quia
709 2249 748 2277 =
772 2241 828 2285 eur
862 2221 986 2302 7777177
1023 2221 1055 2284 17
1088 2220 1255 2285 7777117117

138 2325 361 2407 prinoipelibus
383 2325 549 2389 inuenitur.
566 2363 606 2372 -
623 2326 695 2401 232,
712 2325 753 2388 26
777 2324 917 2408 (obuiam
936 2324 1065 2404 iremus)
1089 2323 1146 2386 tibi
1167 2324 1256 2387 777777

134 2441 252 2516 parato
284 2436 430 2519 saucibus
463 2437 506 2502 77
537 2436 715 2521 7777777777
742 2435 890 2516 uobisque
913 2434 1084 2518 (uobiscum
1105 2432 1146 2514 V)
1175 2454 1255 2498 eom·

138 2550 249 2613 missos
276 2549 533 2628 trausuorauoios,
562 2547 581 2610 1.
615 2565 640 2610 7.
685 2546 872 2611 77771777
903 2545 955 2626 771
988 2543 1076 2609 77117
1098 2545 1257 2611 commissi

141 2651 221 2715 7771.
253 2669 324 2714 eum
352 2649 599 2731 simplicissimos
629 2667 748 2714 errores
775 2665 835 2712 777
858 2637 1056 2728 7177177771,
1092 2647 1257 2713 71117777

139 2757 258 2819 uosmet
277 2754 435 2817 uobiscum
450 2753 638 2829 commissos,
656 2749 841 2820 Gallendius
859 2750 902 2815 77
917 2749 1068 2814 nobismet
1083 2752 1257 2816 commissos
1319 2797 1324 2807 -

140 2856 302 2922 uobiscum
336 2853 535 2935 scripserunt.
574 2851 668 2918 simih'
701 2851 821 2916 ratione
856 2851 949 2929 11,3
978 2855 1029 2933 qm
1056 2853 1147 2917 morta
1174 2853 1257 2919 177

142 2957 243 3021 olium
260 2958 316 3034 771,
337 2956 508 3022 771771777
526 2955 626 3021 711177
641 2956 789 3037 quomodo
804 2952 1053 3038 reposuit‚'quod
1068 2974 1128 3020 777
1143 2955 1257 3021 fulsum

143 3059 199 3138 771,
229 3060 286 3124 777
313 3060 439 3143 propius
462 3058 579 3124 audisis
603 3057 716 3122 777177
739 3057 878 3122 77777117
908 3077 1046 3139 quomam
1068 3060 1156 3124 morto
1179 3061 1257 3124 resi-

140 3167 287 3228 steremus
310 3167 420 3226 777777
442 3161 610 3226 diabolum.
633 3161 813 3243 11777722,
838 3162 858 3226 3
881 3161 1066 3242 77777777
1091 3165 1200 3244 (quam
1215 3163 1257 3244 V)

141 3269 199 3328 tuo
222 3266 343 3329 7777777
366 3268 586 3345 potueramus
602 3265 696 3345 77777
734 3263 786 3329 ubi
816 3262 908 3328 177117
937 3264 1005 3345 7717
1028 3287 1092 3347 777
1114 3266 1257 3342 77717171,

143 3365 175 3431 71
207 3367 280 3446 233,
314 3367 357 3431 24
387 3388 548 3449 quorum
585 3368 749 3451 (quouiem
774 3368 816 3449 V)
852 3387 910 3433 uos
942 3368 1086 3449 77777777
1118 3368 1260 3432 77777777

140 3469 315 3550 participes
347 3467 498 3549 17117177,
538 3470 589 3548 87,
612 3469 653 3534 22
686 3471 835 3551 quomodo
866 3489 902 3533 ex
932 3472 1058 3552 777777
1085 3489 1167 3534 men.
1196 3488 1258 3534 ree.

142 3568 162 3633 1.
186 3571 228 3635 26
256 3591 352 3653 usque
380 3593 439 3654 quo
469 3591 506 3636 ex
534 3592 630 3654 usque
657 3574 783 3655 quaudo
811 3582 892 3637 men.
918 3574 946 3638 l.
980 3571 1193 3651 restituerunt,
1230 3573 1260 3636 71

227 3673 265 3737 17
300 3679 330 3738 77
361 3674 482 3756 foetum
515 3679 559 3740 est
593 3662 746 3757 777777
782 3674 1009 3761 (77777777)
1045 3678 1166 3765 777777
1194 3680 1282 3765 777

143 3771 312 3857 legendum
336 3795 404 3842 7777
428 3777 605 3860 7777177177
634 3797 712 3855 sum,
741 3796 931 3860 quamquem
960 3776 1118 3842 11171777
1140 3779 1261 3842 eertum

146 3877 193 3940 771
217 3876 269 3961 (71.
293 3879 345 3957 45,
369 3879 410 3945 20
436 3901 501 3945 777
522 3882 632 3945 statim
653 3882 802 3963 quomodo
828 3881 940 3963 fuisset
967 3880 1043 3945 deus
1070 3881 1260 3964 7777777777).

145 3979 196 4057 88,
214 3980 251 4044 11
269 4000 380 4046 manus
398 3984 425 4047 1.
452 3983 521 4065 1777
542 3985 668 4065 quaudo
691 3983 825 4047 correxit
845 3983 929 4047 11777
950 3984 1131 4048 transuersa
1153 3985 1261 4049 77777

146 4082 359 4165 expungendo,
388 4083 425 4147 ut
445 4084 511 4171 legi
530 4085 669 4150 uoluisse
690 4083 831 4167 7717717
853 4085 903 4164 711,
935 4085 1019 4167 quod
1040 4104 1101 4150 777
1122 4086 1261 4169 ineptum

145 4182 202 4247 sit:
241 4189 299 4249 777
331 4187 487 4269 77777777
524 4208 587 4252 777
622 4188 683 4252 eris
717 4187 812 4254 Sauli
849 4188 1083 4270 7777777777,
1119 4191 1186 4271 777
1218 4190 1263 4255 777

145 4286 192 4351 777
228 4289 374 4373 7777777
409 4291 538 4372 rupious
574 4291 793 4356 iuuoeeutem?
825 4331 866 4342 -
902 4292 1002 4357 semel
1033 4292 1054 4357 7
1083 4320 1121 4350 =
1144 4291 1195 4357 777
1231 4293 1262 4356 17
