2850 4754
501 359 664 413 Moriendunr
683 375 740 412 1111
757 375 805 426 pro
823 358 866 432 dei
883 358 946 412 filio.
1225 360 1286 425 291

160 546 253 611 undis
275 548 401 610 tuarum
430 545 662 611 infestationum
686 545 1021 629 circumspumantibus
1044 540 1289 625 succumbemus·

161 648 277 730 operti,
316 649 373 713 sod
410 649 519 714 contra
556 648 659 713 omnia
691 649 805 712 erimus
843 668 965 730 sempor
1004 650 1099 713 erecti
1135 652 1285 733 pericula,

161 750 318 832 siquidem
341 770 401 815 non
424 751 465 815 sit
488 750 684 815 Christianus
708 751 829 814 animus
848 751 988 815 abiectus
1007 753 1060 834 qui
1083 755 1239 841 sternatur
1256 758 1287 820 et

157 838 296 927 iastetur
321 853 361 916 ad
384 853 471 931 uitia,
506 853 563 916 sed
592 872 627 917 eo
657 871 755 934 usque
784 854 826 918 sit
848 873 1017 936 generosus
1046 874 1081 920 ac
1105 858 1227 936 nobilis,
1252 861 1288 922 ut

128 954 272 1020 econtra
306 956 411 1019 omnia
442 955 670 1036 temptamenta
704 956 861 1020 inmobilis
894 957 1057 1040 uictorque
1091 963 1285 1041 permaneat.

123 1101 129 1110 ·
161 1075 222 1121 non
247 1076 356 1122 sumus
380 1057 549 1122 Christiani
573 1058 749 1139 cogitantes
771 1060 945 1140 praesentis
968 1060 1088 1142 fragilis
1111 1062 1196 1127 uitae
1213 1063 1286 1127 dul-

161 1158 273 1223 cedine
296 1159 423 1241 perfrui,
447 1161 503 1224 sed
526 1179 633 1225 sumus
656 1161 788 1243 adipisci
811 1163 972 1243 cupientes
995 1165 1140 1228 aeternae
1165 1168 1285 1231 securi-

160 1262 237 1327 tatis
255 1263 287 1326 et
303 1262 465 1326 felicitatis
480 1263 623 1345 gloriam,
639 1262 809 1345 perpetuae
825 1265 1029 1337 beatitudinis
1044 1269 1282 1347 possessionem.

160 1365 312 1430 Iohannis
336 1364 468 1446 apostoli
490 1365 586 1443 beati,
618 1365 652 1428 ut
673 1367 797 1429 terrena
820 1365 1000 1446 spernentes
1024 1367 1175 1433 caelestia
1198 1373 1286 1454 sequi

119 1487 148 1528 ro
162 1469 391 1545 desideremus,
420 1468 573 1532 hortantis
601 1467 750 1549 religiosa
772 1486 832 1532 uox
856 1467 918 1531 est:
953 1471 1143 1535 otmundus
1167 1477 1287 1538 transit

161 1577 190 1636 ct
213 1573 469 1654 concupiscentia
484 1572 574 1661 ¹cios;
596 1571 652 1651 qui
667 1573 771 1634 uatem
785 1569 893 1649 fecerit
908 1569 1101 1636 uoluntatem
1116 1573 1166 1636 dei
1181 1579 1287 1638 maaet

162 1678 200 1741 ia
221 1680 395 1758 1111111111,
419 1675 572 1756 quomodo
594 1679 623 1738 ct
645 1674 721 1737 deas
743 1675 909 1737 1111111111
932 1678 1105 1737 ueternum.

205 1779 288 1844 1111.ι
309 1779 388 1844 Cum
411 1778 489 1841 haec
512 1775 557 1839 ita
580 1776 651 1851 sint,
676 1775 766 1856 cupio
789 1775 821 1837 te
844 1793 1032 1856 cognoscere
1056 1794 1128 1838 cum
1144 1778 1287 1842 omnibus

162 1883 226 1946 tuis
249 1881 430 1964 praestigiis
455 1899 490 1943 ao
515 1878 675 1944 fraudibus
699 1896 832 1958 cumque
848 1876 1029 1939 uastissima
1045 1878 1196 1942 saeuitiae
1212 1880 1286 1943 tuae

119 2001 152 2042 15
164 1983 352 2048 crudelitate
367 1984 471 2047 iacere
487 1982 519 2044 te
536 1981 642 2045 subter
656 1980 753 2062 pedes
770 1980 820 2043 dei
833 1998 1004 2058 seruorum,
1017 1998 1139 2043 omnem
1150 1982 1285 2063 gloriam

163 2089 238 2151 tuae
261 2105 362 2150 uanae
386 2084 605 2150 dominationis
630 2084 702 2147 duci
726 2083 854 2146 anobis
877 2083 971 2163 atque
995 2082 1102 2147 haberi
1117 2103 1172 2165 pro
1189 2085 1284 2149 nihilo

164 2189 304 2271 nihilque
326 2189 358 2252 te
383 2188 468 2252 aliud
492 2206 561 2251 esse
585 2186 713 2250 anobis
737 2185 844 2248 sentiri
868 2203 940 2247 cum
964 2186 1047 2249 omni
1066 2187 1173 2268 uigore
1190 2188 1285 2269 atque

165 2291 355 2356 auctoritate
370 2291 493 2372 imperii
511 2290 557 2353 tui
573 2276 666 2370 quam
682 2289 806 2351 inanem
825 2287 975 2351 aurulam.
999 2287 1118 2352 iactare
1135 2309 1190 2354 nos
1205 2291 1285 2354 haec

166 2394 332 2476 quisquam
362 2393 400 2458 de
430 2394 493 2458 tuis
519 2392 662 2456 fortassis
692 2391 777 2454 dic'at
801 2391 1025 2454 adulatoribus.
1071 2410 1129 2455 non
1158 2393 1285 2472 retines,

119 2496 340 2574 eoConstanb‘,
366 2497 479 2561 dixisse
502 2513 553 2558 me
574 2494 730 2558 iudicibus
752 2493 784 2556 te
808 2492 879 2556 uelo
902 2493 997 2557 misso
1023 2493 1167 2558 audiente
1192 2497 1285 2577 quod,

164 2599 242 2663 licet
262 2600 365 2664 totum
387 2599 520 2663 militem
542 2597 685 2661 tuum'in
707 2615 763 2659 nos
788 2595 983 2659 decreuisses
1004 2595 1109 2660 iacere
1131 2600 1219 2680 regni
1237 2601 1286 2664 tui

164 2702 241 2778 tela,
263 2701 295 2764 in
318 2720 373 2764 nos
398 2701 609 2765 exsecratores
631 2698 845 2780 blasphemiae
867 2697 941 2760 tuae
957 2699 992 2760 ut
1013 2698 1045 2760 in
1069 2700 1216 2783 sacrilegi
1238 2704 1285 2769 tui
1390 2690 1392 2694 ’

166 2804 286 2868 decreti
316 2803 544 2884 contemptores
575 2803 677 2866 omnia
706 2819 763 2865 sua
792 2799 996 2864 conliderent'
1015 2819 1116 2880 arma,
1151 2821 1208 2867 nec
1239 2805 1284 2869 sic

165 2908 272 2973 tamen
297 2905 380 2988 quod
401 2924 563 2987 possemus
585 2909 611 2990 {a
632 2904 790 2987 proposito
813 2903 983 2967 recedere?
1017 2902 1074 2966 sed
1096 2905 1131 2967 tu
1153 2926 1208 2988 pro
1230 2909 1287 2971 tua

125 3031 155 3072 25
166 3010 222 3074 illa
245 3008 412 3092 prudentia
438 3009 470 3071 in
494 3009 577 3071 omni
605 3027 660 3089 pro
688 3008 720 3071 te
748 3006 928 3070 moriundos
957 3005 1040 3069 bello
1067 3007 1186 3072 milites
1215 3010 1286 3074 tuos

168 3113 334 3190 censuisti,
366 3111 559 3176 Christianos
588 3130 662 3175 uero
692 3110 821 3175 sanxisti
852 3108 902 3173 dei
932 3108 1106 3192 oportuisse
1136 3111 1286 3176 exsistere

167 3216 401 3299 negatores.·et
422 3214 530 3296 utique
552 3214 599 3277 tui
623 3212 760 3277 sentiunt
776 3210 915 3275 dolorem
929 3211 1105 3291 uulnerum,
1131 3215 1237 3278 dolent
1253 3235 1285 3280 se

166 3319 296 3402 perisse,
321 3317 427 3382 dolent
449 3319 528 3381 hanc
552 3317 697 3381 amittere
718 3315 832 3411 lucem.
872 3321 928 3379 nos
950 3335 1024 3381 uero
1047 3317 1147 3398 primo
1171 3318 1285 3382 sentire

167 3440 337 3503 poenamm
361 3420 518 3484 cruciatus
541 3438 601 3484 non
623 3437 799 3501 possumus,
821 3420 853 3480 in
869 3418 982 3500 quibus
998 3418 1141 3484 Christus
1156 3420 1284 3502 patitur,

128 3525 199 3589 11111
223 3524 336 3606 quibus
360 3523 501 3588 Christus
525 3523 684 3586 aeternam
707 3505 841 3585 salutern
865 3522 1025 3602 operatum
1061 3521 1197 3599 deinde·
1214 3523 1288 3604 quia

168 3627 347 3710 praesentia
370 3646 425 3709 pro
441 3626 535 3690 nihilo
555 3626 705 3689 ducamus
722 3624 754 3688 et
768 3624 885 3688 lumine
900 3624 932 3687 in
947 3624 1002 3688 illo
1017 3625 1145 3705 perenni
1162 3644 1285 3708 semper

169 3731 265 3794 futuri
289 3749 405 3806 sumus,
441 3730 492 3810 qui
523 3728 591 3791 fieri
624 3727 737 3809 potest,
771 3727 807 3790 ut
834 3746 894 3790 non
920 3746 974 3808 pro
999 3726 1121 3791 Christo
1147 3727 1198 3817 dei
1220 3728 1286 3793 filio

169 3832 253 3896 uitae
286 3832 430 3895 aeternae
463 3831 615 3896 tributore
649 3829 813 3912 sacrilegio
848 3829 1013 3894 funestatis
1045 3829 1189 3894 manibus
1222 3830 1286 3895 tuis
1343 3903 1345 3907 y

270 3967 403 4021 1011111.
421 3968 446 4030 2,
467 3969 497 4020 17

221 4105 421 4158 isaccus-itatis
508 4104 538 4156 11
558 4103 624 4157 aliut
714 4103 954 4158 20111111111111
1045 4104 1079 4157 22
1097 4105 1223 4172 sacrilego
1241 4107 1287 4159 tuo

171 4193 308 4246 decretor>
393 4188 774 4252 2311111111.1111“11111,11
795 4191 834 4244 Va
919 4189 952 4243 32
971 4190 1015 4258 qui
1032 4206 1057 4254 1,
1078 4191 1139 4260 quin
1160 4192 1191 4255 V,
1211 4192 1288 4260 quine

171 4281 252 4347 fort.;
270 4276 307 4342 cf.
321 4293 351 4344 p.
369 4279 428 4343 310,
446 4281 464 4330 8

1138 4381 1191 4434 le*
