2850 4754
165 345 228 413 295
651 329 799 385 Luciferi

170 535 209 600 de
231 549 357 598 suorum
378 526 545 593 tolerantia
568 525 752 588 seruorum?
776 520 896 585 stamus
919 516 1027 599 utique
1043 514 1155 580 tumuli
1171 515 1290 582 christi

170 639 236 704 eius
258 633 422 700 maiestate
445 629 577 706 firmati,
612 645 691 691 uoce
713 626 829 702 libera,
863 622 968 685 mente
990 620 1186 701 incorrupta,
1216 619 1289 684 telis

168 741 293 824 quidem
315 736 478 819 fragilibus
500 733 563 796 tuis
587 727 677 806 nudi,
710 729 766 793 sed
788 726 845 790 illa
866 725 968 789 induti
991 743 1096 802 arma,
1128 742 1210 806 quae
1233 742 1291 788 nos

167 845 203 909 ut
229 843 429 914 indueremus
459 837 507 901 est
537 833 724 917 deprecatus
750 831 863 897 beatus
893 827 1053 910 apostolus
1089 827 1220 893 diceus:
1255 828 1292 892 de

167 952 262 1013 actem
292 941 529 1026 confirmamini
554 941 591 1003 iu
619 939 746 1003 domino
768 937 856 1000 etin
878 934 1025 1015 potentia
1047 933 1183 999 uirtutis
1209 933 1288 998 eius.
1315 953 1325 991 e

172 1050 243 1134 [etz]
280 1047 403 1113 induite
433 1064 527 1108 onena
557 1043 623 1124 otei,
653 1046 689 1104 ut
708 1040 843 1122 possitis
866 1046 951 1114 stane
972 1040 1126 1103 aduersus
1147 1036 1291 1102 remedia

167 1152 301 1231 diaboti,
332 1151 411 1231 qnia
438 1166 503 1212 non
531 1151 576 1211 est
603 1146 694 1210 uobis
721 1145 912 1211 conluctatio
934 1145 1089 1209 maerens
1110 1163 1241 1210 carnem
1263 1149 1292 1207 ct

165 1256 364 1337 sanquinem,
387 1251 440 1317 sect
455 1254 565 1315 contro
581 1251 763 1329 potestates,
786 1253 899 1313 contra
913 1248 1009 1313 buius
1023 1247 1138 1313 munti
1159 1252 1292 1313 rectores

169 1358 367 1423 tenebrarum
390 1355 516 1437 baruae,
541 1357 653 1418 contra
675 1353 842 1434 spiritalia
864 1352 1023 1434 aequitiae
1041 1351 1291 1416 incantantibus.

160 1465 332 1544 propterea
354 1459 487 1538 accipite
510 1477 605 1520 annua
627 1456 688 1540 dei,
712 1461 748 1519 ut
763 1456 898 1537 possitis
920 1457 1062 1520 resistere
1085 1455 1123 1518 iu
1138 1455 1192 1519 die
1205 1456 1328 1520 malo1⁰

47 1619 49 1624 .
166 1567 195 1628 et
222 1564 258 1626 in
288 1562 431 1627 omnibns
457 1559 589 1640 perfecti
617 1563 719 1637 stane,
745 1559 927 1640 praecincti
958 1558 1076 1622 lumbos
1105 1563 1228 1622 uestros
1254 1559 1291 1622 in

165 1667 307 1750 ueritate,
331 1667 496 1730 induentes
519 1663 653 1728 tonicam
673 1663 815 1726 iustitiae
836 1667 864 1726 et
886 1662 1017 1728 calciati
1027 1663 1123 1744 pedes
1137 1662 1177 1726 in
1190 1681 1291 1742 prae-

161 1769 335 1852 paratione
363 1767 524 1850 euanpetii
546 1767 654 1846 pacis,
692 1767 729 1829 in
762 1767 906 1830 munibus
939 1767 1136 1832 adsumentes
1166 1771 1292 1831 scutum

166 1873 254 1958 fidei,
281 1873 319 1937 in
341 1891 400 1954 quo
416 1870 550 1952 possitis
573 1870 681 1933 ornnia
703 1867 812 1934 iacula
833 1870 1018 1950 nequissimi
1040 1870 1215 1935 candentia
1238 1889 1292 1934 en-

119 2039 122 2046 ,
166 1977 333 2059 stupuere,
357 1980 385 2038 et
405 1974 531 2056 pateant
553 1973 668 2036 salutis
682 1976 711 2036 et
724 1972 870 2054 plautium
885 1974 1028 2054 spiritus,
1052 1974 1137 2055 quod
1158 1981 1204 2041 est
1219 1995 1293 2040 ner·
1306 1987 1329 2027 1⁵

167 2079 239 2143 bnon
261 2078 320 2159 dei,
339 2096 398 2157 pen
420 2095 543 2141 omnem
566 2076 739 2139 orationem
757 2080 784 2138 et
800 2075 1043 2141 obsecrationem
1059 2083 1188 2145 ouantes
1204 2083 1294 2146 omui·

170 2186 303 2262 napae
326 2181 362 2243 in
385 2179 503 2260 spiritu
525 2181 554 2242 et
575 2179 613 2241 in
634 2176 731 2242 illurn
751 2179 933 2261 nipilantes.
967 2181 1065 2264 igitur
1087 2184 1162 2265 quia
1183 2185 1294 2250 taliter

168 2285 314 2361 amatos,
336 2283 426 2347 teuta
448 2281 587 2363 potentia
608 2281 755 2359 munitos,
780 2301 926 2364 superare
948 2303 1009 2349 non
1031 2286 1131 2367 possit
1152 2288 1211 2353 tua
1224 2309 1293 2372 >pa-

166 2388 286 2470 trisque
301 2388 347 2451 tui
364 2386 544 2463 crudelitas,
565 2386 603 2449 nt
618 2405 712 2468 saepe
729 2385 848 2451 dictum
872 2388 929 2466 est,
954 2389 1098 2455 stetimus
1123 2391 1155 2454 et
1170 2393 1294 2458 stamus

169 2493 209 2570 et,
234 2491 458 2574 quoadusque
482 2508 647 2554 consumas
669 2508 799 2571 corpora
821 2491 941 2569 nostra,
970 2493 1082 2556 staturi
1105 2512 1215 2562 sumus
1239 2516 1294 2562 sa·
1308 2510 1332 2550 2⁰

167 2595 262 2659 lutari
286 2594 402 2660 Christi
426 2592 526 2675 clipeo
548 2592 677 2669 muniti,
711 2591 810 2656 lorica
838 2594 965 2675 pietatis
996 2597 1064 2661 eins
1091 2599 1294 2680 circumdati,

72 2769 75 2776 ,
169 2699 276 2764 sancto
311 2697 421 2780 spiritu
454 2695 634 2778 gubernati,
669 2695 834 2761 inmobiles
868 2698 899 2761 et
926 2702 1027 2782 magis
1061 2702 1227 2785 magisque
1261 2706 1294 2770 in

170 2802 313 2867 omnibus
343 2800 502 2877 auctores,
532 2798 685 2881 pellentes
714 2818 838 2864 omnem
866 2820 977 2866 uocem
1001 2805 1172 2873 seruitutis.
1213 2810 1294 2874 certi

169 2906 283 2971 etenim
307 2906 339 2969 et
360 2903 494 2967 fidentes
517 2922 624 2968 sumus
648 2903 741 2966 nullis
770 2923 826 2968 nos
853 2906 917 2969 tuis
946 2907 1085 2986 insidiis,
1121 2910 1209 2975 nulla
1230 2913 1294 2978 *tua

168 3007 358 3086 calliditate,
396 3007 483 3071 nulla
512 3006 730 3085 cauillatione,
768 3008 863 3073 nullis
885 3010 948 3075 tuis
969 3010 1134 3078 fraudibus
1156 3033 1252 3096 posse
1276 3026 1332 3081 ab

167 3111 325 3193 proposito
348 3111 456 3192 uigore
474 3111 611 3187 ‘deduci
650 3111 903 3193 quandoquidem
934 3100 1072 3182 sciamus
1101 3118 1186 3199 quod
1210 3118 1295 3183 enim

167 3214 239 3279 finis
252 3213 449 3278 ‘debetorum
471 3232 555 3279 mors
578 3214 634 3291 sit,
674 3213 787 3278 deiude
811 3218 951 3298 sequitur
973 3219 1041 3283 uita
1063 3239 1144 3302 quae
1168 3224 1293 3305 semper

167 3317 219 3396 sit,
245 3317 533 3400 amplectamurque
555 3316 641 3382 beati
664 3317 795 3381 consilia
818 3320 950 3402 apostoli
974 3322 1041 3387 eius
1064 3323 1195 3406 eiusque
1216 3324 1294 3390 imi-
1392 3329 1419 3342 ⁴

167 3420 287 3486 tutores
321 3421 415 3502 atque
447 3420 617 3503 participes
652 3421 868 3488 desideremus
901 3425 1034 3490 inueniri
1065 3427 1118 3509 qui
1146 3427 1293 3508 adstulit,

171 3524 252 3604 quod
276 3545 347 3590 eum
369 3528 460 3589 uetus
482 3524 573 3590 bomo
595 3530 701 3591 noster
722 3529 945 3611 corrumpitur,
975 3529 1032 3611 qui
1058 3531 1149 3595 intus
1171 3535 1218 3596 est
1235 3534 1293 3597 in·
1307 3545 1332 3584 ω

273 3779 646 3850 1cf.cypr.ib.l91‚10sq.
710 3783 804 3853 4Elph.
816 3785 841 3850 6,
855 3785 956 3840 10-18
1020 3785 1092 3840 3οΠ
1109 3785 1206 3852 Con4,
1227 3788 1260 3844 16

203 3983 398 4071 ⁴idapcllltltt'us
418 4004 484 4070 (mur
495 4005 578 4071 eras.)
641 4005 854 4061 ietuncinani
914 4007 947 4061 10
958 4007 1083 4076 posuistis
1102 4009 1125 4076 (s
1138 4012 1223 4080 erae.)

172 4106 204 4158 14
221 4105 378 4161 audentiae
446 4107 480 4160 22
492 4109 623 4171 inmobile
644 4111 675 4179 V,
694 4127 743 4165 ene.
763 4111 854 4168 Titius
872 4111 904 4165 in
921 4112 998 4168 notio
1067 4078 1241 4186 24hsidiis·(¹·
1259 4133 1294 4181 m·

172 4227 231 4294 aas)
303 4226 336 4280 so
354 4179 491 4297 coriaut
