2850 4754
203 365 264 429 196
691 364 840 419 Luciferi

203 556 387 635 siderantee,
411 556 607 620 calcaremus
628 556 700 620 tuas
724 556 895 639 sacrilegas
916 556 1080 621 iussiones.
1116 556 1186 639 quis
1210 556 1325 621 etenim

203 661 281 728 nolit
303 661 363 725 nisi
385 659 474 724 uobis
497 658 639 723 Arrianis
660 658 814 723 infelicior
832 678 850 722 a
866 658 916 723 dei
933 659 1024 724 unico
1040 658 1105 723 filio
1122 659 1233 743 diligi?
1257 661 1326 742 quis

203 766 252 830 est
275 765 327 847 qui
349 763 428 828 nolit
451 762 550 826 amari
574 763 612 826 ab
636 761 703 826 eins
725 761 837 842 patre?
880 762 949 843 quis
979 763 1031 845 qui
1060 762 1159 843 patris
1188 763 1221 827 et
1243 763 1327 828 unici

203 868 271 933 eius
292 866 350 930 filii
371 866 524 948 templum
554 883 622 929 esse
651 866 797 929 recuset?
842 883 922 947 quae
949 866 1058 947 utique
1088 866 1239 948 consequi
1267 885 1327 932 non

201 970 307 1053 potest
329 969 382 1052 qui
405 968 488 1034 sicut
508 969 544 1032 tu
567 969 600 1031 et
621 967 780 1032 homicida
801 967 896 1032 buerit
911 968 943 1031 et
965 968 1153 1052 sacrilegum
1177 971 1329 1052 consequi
1363 985 1387 1026 ⁵

204 1073 336 1138 sanctu
364 1072 460 1136 etiam
490 1070 618 1153 poteris,
648 1070 674 1134 si
703 1088 873 1135 conuersus
901 1089 975 1134 uere
1002 1070 1201 1152 paenitearis.
1250 1072 1329 1138 dicit

204 1177 305 1241 adhuc
323 1175 482 1239 dominus:
506 1174 562 1239 boc
580 1178 623 1238 est
638 1174 827 1238 moudotum
838 1195 951 1260 meum,
966 1179 1002 1239 ut
1016 1175 1162 1258 diliputis
1176 1175 1328 1255 inuicem,

202 1281 286 1344 sicut
306 1278 406 1343 (1111111
427 1297 492 1343 uos.
515 1278 666 1343 maiorem
688 1277 771 1342 boue
796 1278 961 1342 ceritatem
976 1298 1065 1343 uemo
1079 1277 1179 1362 dubet,
1201 1283 1239 1344 ut
1253 1279 1328 1344 uui·

203 1403 291 1447 mom
311 1401 406 1447 suom
424 1386 527 1462 pouut
541 1402 606 1463 pro
627 1381 742 1445 amicis
764 1381 840 1446 suis.
886 1400 941 1446 uos
973 1382 1071 1447 amici
1097 1382 1160 1446 mei
1186 1382 1269 1460 estis,
1300 1383 1330 1447 si

203 1485 340 1569 feceritis
360 1485 441 1565 quod
459 1485 625 1565 praecipio
649 1483 747 1550 uobis.
791 1485 859 1548 ium
881 1505 948 1549 uou
969 1485 1038 1549 dico
1060 1503 1116 1549 uos
1137 1504 1254 1564 seruos,
1277 1487 1330 1552 sed
1344 1510 1376 1550 ro

207 1588 336 1670 umicos,
360 1586 393 1651 et
413 1586 544 1650 iterum:
567 1607 633 1651 uou
656 1606 713 1651 uos
734 1606 782 1650 me
803 1587 951 1671 etepistis,
973 1589 1027 1653 sed
1048 1608 1100 1671 epo
1121 1606 1179 1652 uos
1201 1582 1330 1671 elep'iet

200 1691 300 1774 posui
323 1709 390 1772 uos,
414 1693 451 1754 ut
464 1690 543 1754 eutis
565 1695 594 1754 et
615 1689 812 1772 fructificetis
834 1695 862 1755 ei
883 1691 1006 1772 fructus
1027 1694 1130 1756 uester
1150 1695 1331 1756 mcueutet

206 1795 417 1878 quodcumque
438 1815 460 1858 u
476 1799 572 1876 putre
593 1813 659 1858 meo
675 1794 834 1875 petieritis
861 1795 899 1859 iu
920 1795 1048 1859 uomiue
1069 1814 1135 1859 meo
1157 1794 1209 1859 det
1230 1794 1328 1859 uobis.

247 1898 380 1962 XXVII.
416 1898 579 1979 Quomodo
600 1898 772 1979 poterimus
801 1917 870 1962 esse
902 1897 995 1962 amici
1017 1898 1101 1962 unici
1130 1897 1188 1962 filii
1219 1897 1280 1976 (111,
1303 1897 1329 1961 si

205 1996 314 2065 contra
325 2000 528 2065 interdictum
540 2001 625 2067 illiue
636 2001 764 2083 pietatis
775 2001 1029 2065 damnauerimus
1042 2001 1214 2079 absentem,
1229 2000 1328 2065 inter·
1341 2020 1360 2061 1

205 2103 373 2168 fecerimus
395 2104 617 2168 innocentem?
640 2104 794 2186 quomodo
816 2103 937 2168 fructus
951 2103 1056 2168 noster
1074 2103 1244 2186 augmenta
1259 2122 1328 2167 crc-

205 2208 383 2270 mentorum
411 2205 516 2271 facere
545 2206 681 2288 poterit?
727 2206 882 2289 quomodo
911 2206 1060 2288 quioquid
1087 2206 1271 2288 petierimus
1299 2206 1329 2270 in

207 2310 330 2374 nomine
354 2309 421 2373 eius
445 2309 636 2391 accipiemus
651 2329 678 2373 Ι1
698 2309 798 2391 patre,
823 2310 859 2387 si,
881 2309 919 2373 ut
932 2310 967 2372 tu
983 2310 1129 2392 cogebas,
1152 2329 1213 2374 non
1229 2309 1329 2389 solum

208 2411 361 2476 cultorem
385 2411 453 2476 eius
473 2404 664 2493 puniremus,
688 2412 745 2476 sed
768 2412 800 2476 et
822 2411 925 2492 ipsum
941 2416 1151 2494 negaremus?
1176 2412 1247 2476 Tito
1262 2412 1329 2476 uiro

209 2514 267 2580 deo
292 2515 396 2579 dicato
420 2515 582 2596 scripsisse
605 2516 733 2579 beatum
748 2513 934 2596 'apostolum
949 2533 1009 2578 non
1024 2514 1190 2579 inueneras
1206 2515 1246 2579 de
1263 2514 1330 2596 epi·
1341 2536 1363 2575 u

208 2618 296 2700 scopi
317 2617 586 2699 inreprehensibili
609 2616 723 2696 officio,
751 2616 836 2699 quod
858 2615 899 2681 sit
922 2615 1051 2699 dignum
1080 2618 1231 2699 praebere
1261 2616 1329 2696 (110,

207 2722 244 2787 ut
264 2721 439 2788 homicidas
461 2739 517 2786 nos
541 2720 623 2785 effici
651 2722 802 2802 cuperes?
845 2718 941 2784 buius
963 2720 1010 2783 rei
1036 2721 1147 2804 pratia
1168 2721 1284 2804 reliqui
1306 2724 1333 2785 te

210 2826 330 2902 Oretue,
352 2829 390 2890 ut
410 2846 448 2890 eu
470 2845 551 2907 quoe
573 2825 705 2891 deercut
725 2825 867 2908 corripus
883 2825 1101 2891 etcoustituus
1112 2843 1171 2905 per
1185 2824 1333 2890 ciuitates

203 2931 442 3012 presbyterium,
466 2930 548 2995 sicut
570 2949 625 3012 epo
648 2929 706 2994 tibi
719 2929 873 3014 disposui,
896 2929 927 2994 si
948 2929 1020 3011 quis
1035 2931 1081 2993 est
1094 2928 1165 2992 siue
1187 2927 1331 3007 cruuiue,

209 3033 308 3097 uuius
330 3034 441 3098 uuoris
463 3035 528 3112 uir,
557 3033 643 3117 pitius
665 3031 782 3097 bobeus
802 3031 918 3115 fideles,
953 3052 1020 3096 uou
1041 3032 1079 3096 iu
1100 3031 1369 3096 accusatiouemas

211 3136 360 3202 iucurice
390 3140 448 3200 out
480 3157 545 3201 uou
574 3136 763 3215 subiecturum
795 3139 916 3218 oportet
944 3135 1029 3199 euim
1056 3135 1237 3216 episcopum
1265 3134 1335 3199 siue

210 3238 345 3303 crimine
367 3257 430 3303 esse
444 3239 529 3303 sicut
542 3240 792 3321 dispensatorem
807 3239 867 3327 dei,
890 3258 955 3303 uou
962 3242 1162 3320 proteruum,
1184 3239 1334 3304 111110-

210 3343 358 3424 cuudum,
381 3360 448 3407 101
469 3343 678 3422 uiuoteutum,
700 3362 766 3408 uou
780 3360 1007 3428 percussorem,
1029 3363 1096 3408 uou
1110 3340 1333 3422 turpibrcrum,

210 3447 263 3511 sed
285 3445 482 3528 hospitatem,
510 3445 690 3529 beuipuum,
719 3446 868 3529 sobrium,
898 3447 1027 3528 iustum,
1053 3450 1210 3527 suuctum,
1233 3445 1335 3510 couti·

210 3553 345 3629 uerum,
368 3550 603 3630 uupueceuuu
627 3551 661 3616 id
682 3550 766 3632 quod
786 3550 958 3616 secuudum
980 3550 1160 3615 doctriuom
1181 3554 1226 3614 011
1240 3549 1371 3630 pdemu

210 3653 308 3738 uerbi,
337 3657 373 3718 ut
400 3656 508 3734 poteus
535 3653 578 3717 sit
608 3652 769 3717 ecborturi
797 3654 836 3716 iu
862 3653 1009 3718 doctriua
1036 3657 1065 3716 et
1088 3651 1335 3718 coutrudiceutes

316 3893 403 3947 sloh.
422 3895 463 3958 15,
483 3895 584 3948 12-15
653 3893 684 3947 11
703 3893 739 3947 ib.
758 3893 799 3956 15,
819 3894 851 3948 16
920 3893 954 3946 22
971 3892 1023 3947 Τ11.
1042 3893 1066 3956 1,
1085 3890 1168 3945 5-11

264 4116 281 4170 6
298 4117 457 4184 poenitueris
476 4135 492 4172 0
570 4119 586 4172 8
604 4118 673 4172 hanc
691 4117 802 4171 cantate
819 4117 890 4171 comi.
910 4117 1061 4172 Ootelerius
1079 4117 1111 4169 iu
1128 4121 1185 4170 uot.
1204 4117 1244 4170 ud
1262 4118 1334 4186 Apo

209 4203 345 4288 pbtbepm.
361 4211 479 4274 potrum
493 4223 522 4274 p.
540 4209 593 4260 621
684 4205 716 4258 21
735 4203 854 4272 praeberi
872 4205 939 4270 fort.
1024 4203 1059 4257 24
1075 4201 1282 4272 praesbyterium
1304 4204 1333 4266 V,

208 4288 377 4359 presbyteros
395 4309 429 4347 erc
445 4309 487 4363 pr.
505 4291 642 4346 Lutiuius
711 4289 745 4344 26
762 4289 877 4344 luxoriae
