2850 4754
549 388 591 443 De
609 387 713 458 regibus
732 388 894 458 apostaticis.
1242 387 1283 452 63

161 595 276 639 aarum
299 575 497 656 addideram
509 579 538 640 et
552 576 656 640 bouem
671 575 790 642 uiduae
801 575 1066 659 pipueraueruat
1090 594 1204 658 aprum
1217 594 1284 640 aaa

161 696 255 742 suum
271 682 481 760 aetatemque
496 678 627 744 demessi
638 682 725 757 suut,
749 683 777 743 et
792 681 954 761 eoeperuut
970 676 1110 742 trouuues
1125 677 1163 741 iu
1176 677 1283 743 uiueir

161 780 230 844 suis
250 780 354 863 pratis
376 781 514 863 maeri.
536 785 567 846 et
587 780 702 846 mattos
729 781 990 863 despoliaverunt
1016 784 1045 845 et
1072 779 1284 847 esurieutdrus

154 901 278 962 partem
300 882 507 965 abstudemut,
530 884 617 949 etia
639 883 787 964 fouemus
814 882 923 947 mattis
945 882 1136 961 obsederunt,
1166 885 1194 945 et
1217 901 1283 948 uou

135 983 388 1057 aiutetteuemmt
409 987 499 1050 uiam
521 985 673 1050 iustitiae.
695 985 905 1051 maledicatur
921 1004 1006 1066 pars
1021 983 1150 1049 itteram
1165 984 1202 1048 iu
1219 988 1280 1048 ter-

160 1086 217 1152 ris.
262 1106 344 1168 quae
361 1092 418 1152 est
431 1088 516 1152 euiru
537 1107 607 1170 spes
629 1087 940 1169 impiishomiutbus
954 1091 1021 1151 aut
1041 1106 1133 1168 quem
1155 1086 1279 1151 aditum

155 1192 294 1268 possuut
307 1188 418 1256 tatere
432 1189 521 1272 apud
542 1189 731 1254 douduum?
752 1189 806 1254 sed
828 1193 857 1254 et
878 1190 907 1253 si
928 1189 1211 1267 corroboraueriut‚
1235 1189 1278 1254 ad

159 1292 315 1373 eqeutiam
340 1292 487 1370 aeuieut,
523 1296 554 1356 et
580 1293 636 1374 qui
662 1293 873 1357 remanseriut
900 1311 938 1356 eu
964 1292 1035 1357 iltis
1066 1293 1156 1357 mata
1183 1295 1282 1356 morte

160 1394 346 1478 moriautur,
362 1399 391 1460 et
401 1395 514 1460 uiduis
529 1394 660 1460 iliormu
674 1415 763 1460 uemo
778 1396 983 1473 miserebitur,
1006 1395 1077 1459 etsi
1099 1394 1282 1471 ooileaeriat

123 1509 280 1563 maurum
302 1501 359 1561 aut
381 1501 547 1580 arpentum
561 1502 725 1580 tamquam
741 1498 853 1576 lutum,
869 1497 945 1562 teaee
961 1498 1070 1562 amaia
1085 1499 1164 1567 iusti
1176 1497 1279 1578 possi.-

162 1598 288 1666 debuut.
317 1618 356 1663 ne
371 1599 479 1682 itaque
496 1601 561 1664 iam
578 1599 714 1683 digneris
729 1599 845 1664 iniuste
858 1600 917 1664 tibi
932 1599 1077 1678 blandiri,
1100 1599 1279 1682 imperator,

162 1700 236 1782 quia
260 1701 342 1765 euim
371 1701 414 1765 sis
442 1701 527 1778 talis,
558 1701 683 1784 qualem
713 1701 981 1780 adseuerauimus‚
1012 1702 1044 1766 et
1067 1702 1227 1767 arbitreris
1248 1701 1281 1766 te

161 1802 354 1867 homicidam
378 1823 414 1868 ae
438 1804 627 1887 saerilegum
649 1805 814 1887 propterea
837 1804 1013 1870 diutissime
1037 1803 1152 1886 degere
1174 1805 1206 1868 in
1220 1805 1280 1868 hae

160 1905 238 1982 uita,
263 1905 347 1987 quod
370 1906 452 1971 euim
473 1908 530 1971 tua
553 1926 647 1990 opera
668 1909 731 1972 siut
753 1908 812 1972 deo
835 1908 975 1989 accepta.
998 1906 1076 1970 talia
1099 1906 1172 1970 suut
1187 1925 1282 1989 opera

125 2017 150 2058 1⁶
161 2008 226 2086 tua,
252 2009 359 2091 qualia
382 2009 570 2090 stillarum,
598 2010 638 2074 iu
661 2029 741 2093 quas
766 2009 923 2075 inuehitm
950 2027 1005 2074 ore
1027 2009 1130 2080 Isaiae
1154 2008 1281 2091 spiritus

163 2111 291 2176 sanetus
321 2111 445 2177 diceus:
479 2114 525 2178 eie
552 2113 631 2183 dioit
658 2114 806 2179 domiuus
832 2114 889 2195 qui
910 2111 1060 2177 liberauit
1088 2115 1280 2194 tusaredus

161 2212 287 2277 Israel:
309 2235 362 2297 eqo
386 2233 456 2279 sum
478 2215 564 2296 deus,
588 2214 713 2279 osteudi
736 2215 795 2280 tibi
815 2215 906 2279 uiam
927 2215 965 2278 iu
985 2235 1049 2297 qua
1072 2214 1227 2294 ambuies;
1250 2217 1280 2280 et

161 2316 189 2379 si
212 2316 355 2381 audisses
377 2318 534 2383 maudata
554 2338 634 2399 mea,
656 2320 746 2401 saeta
767 2317 881 2399 fuisset
901 2322 938 2382 ut
955 2317 1078 2398 (tuuius
1092 2337 1165 2400 pau
1179 2322 1238 2382 tua
1252 2321 1282 2382 et

161 2418 289 2493 iustitia
311 2424 348 2483 ut
365 2419 482 2500 duetus
504 2422 615 2505 maris,
641 2425 672 2485 et
691 2422 813 2503 foetum
841 2425 917 2488 esset
944 2421 1027 2487 sieut
1054 2440 1155 2485 areua
1177 2420 1279 2486 maris

127 2535 264 2586 sesemen
287 2525 377 2586 tuum
399 2526 429 2587 et
451 2523 523 2587 uati
545 2523 671 2586 ueutris
691 2522 751 2587 tui
848 2552 852 2558 ·

203 2623 275 2688 XII.
300 2623 373 2703 Sed,
396 2624 510 2707 inquis,
532 2625 611 2690 haee
634 2623 676 2689 ad
690 2623 825 2689 Iudaeos
842 2622 928 2688 dieta
943 2623 1025 2700 sunt,
1041 2641 1153 2704 nempe
1170 2621 1211 2687 ad
1227 2640 1280 2688 ees

161 2744 294 2807 quorum
314 2727 347 2791 ie
369 2727 474 2792 ieeisii
494 2727 695 2792 imitatorem.
734 2726 766 2789 et
787 2745 878 2804 nune,
901 2727 938 2790 ut
953 2727 1001 2792 eet
1023 2728 1131 2792 erebro
1149 2726 1279 2804 dietum,

159 2828 249 2893 muta
270 2829 427 2913 malignas
448 2828 520 2895 uias
541 2829 624 2907 tuas,
648 2827 742 2892 erede
764 2828 800 2891 us
821 2828 923 2892 eredit
945 2829 1055 2893 saneta
1077 2828 1222 2908 eeclesia,
1244 2827 1280 2895 et

160 2929 193 2993 iu
215 2931 359 2996 omnibus
380 2932 439 2997 tibi
460 2931 689 3015 propitiabitur.
726 2931 804 2996 dicit
819 2931 901 2996 enim
914 2931 998 3013 ipse:
1020 2932 1221 2997 rerurtimiui
1232 2931 1279 3006 ad

125 3045 149 3088 u
161 3052 210 3096 me
232 3054 271 3106 ea
294 3037 354 3100 toto
377 3035 467 3100 eorde
488 3039 592 3099 uestro
610 3034 767 3116 simulque
782 3040 810 3099 et
825 3036 944 3099 ieiuuio
961 3039 991 3099 et
1001 3034 1076 3115 stetu
1090 3039 1119 3099 et
1127 3035 1279 3117 ptauetu,

162 3140 191 3198 et
212 3136 383 3202 diseiudite
403 3139 503 3202 eorda
524 3141 633 3216 uestra
660 3141 690 3202 et
712 3156 776 3202 uou
797 3139 992 3203 uestiueeuta.
1029 3137 1190 3202 reuertere
1211 3136 1278 3211 toto

161 3240 256 3304 eorde
281 3240 442 3318 addeum,
467 3240 636 3322 adquiesco
654 3240 703 3305 his
726 3239 904 3305 seiubribus
918 3239 1067 3307 remediis
1084 3238 1281 3311 aderimiuis

159 3341 207 3406 tui
218 3342 468 3425 intellegentiam
480 3341 743 3424 eouspieieudam,
761 3343 846 3424 aperi
856 3342 961 3409 cerdis
974 3341 1091 3421 oeulos,
1104 3341 1281 3432 Amgemisss

160 3444 228 3508 toto
240 3445 335 3513 eorde
349 3445 417 3509 tam
427 3445 460 3518 te
474 3444 614 3527 grauiter
627 3444 797 3526 deliquisse
809 3444 976 3527 eolligeus3
993 3445 1067 3510 tune
1082 3442 1279 3514 tuimiseser·

122 3546 245 3610 oobitur
266 3547 322 3610 ille
345 3547 399 3630 qui
422 3546 515 3613 dieii:
549 3568 621 3614 oum
644 3567 811 3613 eoauersus
839 3548 1039 3631 superamus,
1070 3551 1146 3613 tuae
1167 3545 1281 3629 saluus

160 3650 223 3713 eris
246 3654 275 3714 et
291 3651 368 3715 setes
389 3651 443 3714 ubi
464 3652 575 3733 fueris.
597 3650 799 3715 reminiscere
823 3649 881 3714 deo
905 3649 1044 3714 dicatum
1067 3645 1183 3712 dixisse
1205 3665 1280 3729 pro·

160 3750 305 3832 phetam:
328 3753 400 3818 uoto
421 3757 551 3818 mortem
578 3754 751 3832 audeatis,
778 3753 861 3832 dieit
882 3753 1039 3834 domiuus,
1067 3757 1223 3833 quautam
1246 3756 1281 3816 ut

263 3904 279 3956 6
291 3903 347 3957 Iob.
359 3903 402 3968 24,
416 3905 456 3962 18.
474 3904 515 3974 27,
526 3905 552 3959 8.
566 3905 599 3957 14
664 3905 696 3959 16
707 3903 752 3959 Es.
762 3906 806 3970 48,
820 3905 920 3959 17-19
982 3904 1016 3957 24
1027 3904 1082 3959 Ioel
1093 3905 1119 3970 2,
1133 3905 1173 3960 12.
1187 3906 1219 3960 13

161 3987 194 4039 30
212 3989 257 4041 Es.
275 3989 317 4064 30,
337 3989 369 4045 15
437 3989 592 4064 3211133,
613 3991 644 4044 11

212 4108 354 4168 saeuiens
373 4110 430 4178 (att.
443 4126 457 4162 e
470 4115 625 4183 euaeorr.)
693 4111 725 4164 12
738 4111 1001 4182 euimqeripsieum
1016 4113 1055 4168 Va
1125 4113 1157 4167 14
1168 4114 1231 4185 siut]
1243 4114 1282 4178 sit¹

160 4210 315 4306 merefort.
388 4213 419 4265 19
436 4215 467 4271 u
484 4229 509 4276 v,
527 4214 621 4267 uuir
687 4211 725 4273 aa
743 4187 835 4272 nui-u
894 4213 1099 4274 usmiseubitur
1161 4215 1193 4270 31
1202 4217 1282 4277 ‹remi-

161 4310 260 4348 mseere
279 4312 363 4350 oute
1277 4325 1281 4333 '
