2850 4754
130 346 192 412 232
617 346 765 402 Luciferi

133 556 212 620 quac
234 537 377 603 iecerunt
398 539 445 603 illi
467 559 600 621 quorum
622 541 767 622 cupimus
788 540 922 606 inueniri
946 540 1143 608 imitatores?
1177 541 1252 622 puto

132 644 247 709 etenim
277 642 406 725 tignum
435 662 504 708 esse
532 664 593 709 non
628 644 844 726 derelinquere
877 645 1008 727 populos
1039 643 1130 708 >nohis
1164 662 1252 708 com-

128 749 242 813 missos
264 748 407 814 intanta
428 750 486 814 hac
504 769 523 812 a
539 750 572 812 to
594 749 694 814 inlata
715 749 943 830 persecutione,
969 749 1025 812 sed
1048 767 1102 812 eos
1123 747 1253 824 hortari,

131 851 214 932 quod
238 850 319 915 enim
342 851 453 932 potens
476 851 518 915 sit
540 852 630 916 cuius
653 871 761 917 sumus
784 871 840 916 nos
863 852 982 933 eripere
999 851 1038 914 de
1055 850 1254 915 inimicorum

131 972 258 1019 suorum
280 954 435 1031 manibus,
459 973 518 1019 non
543 974 612 1018 osse
634 955 667 1018 te
690 955 895 1020 metuendum
917 955 1041 1018 hostem
1063 953 1253 1030 deiciemus,
1278 962 1290 1002 ⁵

133 1057 360 1122 adhortandum
389 1058 472 1139 quod
490 1059 546 1123 ‚sis
576 1058 668 1136 nihil,
703 1058 778 1140 quia
805 1057 956 1123 uidehcet
985 1057 1090 1122 noster
1114 1056 1194 1121 deus
1217 1074 1253 1119 ac

133 1159 276 1224 dominns
300 1161 404 1226 omnia
425 1162 535 1242 potens
559 1162 599 1225 ad
621 1162 754 1227 nihilum
775 1161 962 1225 redacturus
986 1160 1027 1223 sit
1050 1160 1154 1224 omnia
1177 1178 1253 1224 con-

130 1265 181 1327 tra
204 1264 270 1329 eius
295 1263 421 1328 domum
443 1265 589 1328 instituta
610 1265 707 1347 impia
728 1266 784 1329 tua
810 1264 982 1331 conamina.
1019 1282 1099 1345 quac
1122 1263 1174 1327 hic
1196 1261 1255 1326 tibi

130 1366 244 1431 iniuria
266 1367 303 1430 fit
325 1389 344 1432 a
365 1370 476 1434 nobis?
510 1388 589 1450 quae
619 1369 771 1452 ingeritur
799 1367 980 1450 imperatori
1006 1368 1148 1432 Romano
1178 1384 1255 1430 con·

129 1471 262 1548 qumehia
292 1473 330 1537 ab
361 1473 554 1538 antistitibus
583 1472 634 1536 dei
663 1474 744 1550 uiui,
780 1474 807 1537 si
829 1473 864 1536 nt
888 1473 942 1536 aut
965 1471 1064 1536 uitam
1094 1469 1294 1534 aeternamm

131 1575 250 1640 habeas
286 1576 407 1658 rogaris
445 1577 500 1640 aut
536 1577 659 1640 dicatur
696 1576 774 1654 tibi,
822 1576 988 1657 propterea
1024 1565 1109 1656 quod
1146 1575 1257 1640 contra

133 1678 184 1744 dei
207 1679 382 1761 susceperis
407 1698 494 1743 arma
517 1680 654 1755 domum,
678 1680 738 1744 nisi
759 1680 792 1744 te
815 1679 997 1755 correxeris,
1021 1678 1141 1761 ingenti
1162 1677 1256 1742 exitio

131 1783 174 1847 sis
196 1783 402 1848 interiturus?
437 1802 499 1865 qua
523 1783 638 1846 etenim
662 1783 701 1846 do
723 1803 757 1848 re
779 1784 839 1849 tibi
861 1784 1045 1847 cunctorum
1069 1781 1120 1845 dei
1144 1782 1256 1845 domus

129 1887 333 1952 inimicorum
348 1886 533 1967 proferimus
555 1886 737 1950 interitum?
759 1887 820 1951 nisi
840 1887 876 1950 nt
900 1887 954 1951 aut
975 1886 1062 1949 metu
1086 1884 1138 1949 dei
1160 1885 1256 1949 terri·

130 1992 183 2055 tus
208 1991 309 2055 temet
330 1991 434 2054 mutes
458 1990 521 2066 aut,
552 2009 625 2054 cnm
652 1991 752 2054 temet
782 1990 813 2054 in
844 1992 1006 2054 aeternum
1040 2009 1109 2054 esse
1142 1989 1256 2054 feceris
1270 1998 1299 2039 1⁵

129 2095 282 2177 punitum,
305 2112 361 2158 nos
384 2093 487 2157 securi
511 2111 548 2157 er
572 2093 655 2158 omni
677 2093 906 2174 triumphemus
921 2093 1019 2175 parte,
1044 2093 1119 2174 quia
1135 2092 1167 2156 et
1182 2093 1257 2156 tuus

132 2197 258 2279 sanguis
289 2216 307 2260 a
335 2197 423 2262 nobis
451 2215 511 2260 non
539 2197 641 2278 possit
670 2216 689 2261 a
718 2197 776 2262 deo
803 2197 921 2278 requiri
944 2198 976 2261 et
998 2197 1072 2278 quia
1093 2196 1257 2260 interitum

132 2301 384 2365 aduersariorum
407 2300 560 2365 ecclesiae
585 2300 652 2364 eius
674 2301 857 2366 uiderimus.
881 2320 1050 2383 perseuera
1066 2299 1202 2380 denique
1225 2299 1257 2361 in

131 2404 190 2467 hac
212 2403 269 2468 tua
289 2404 458 2481 iniustitia,
487 2405 518 2468 et
539 2392 681 2469 inuenies
703 2404 780 2485 quid
800 2405 833 2468 te
856 2404 1031 2485 protentis
1054 2402 1257 2484 consequitur

132 2507 262 2572 meritis.
296 2507 445 2590 soperbia
468 2507 600 2586 inflatam
622 2511 675 2583 cst,
697 2506 811 2588 inquis,
834 2507 975 2589 lucifer,-
1003 2507 1077 2588 quia
1099 2525 1177 2570 uera
1198 2506 1257 2573 tibi
1270 2508 1299 2550 2⁰

134 2611 228 2677 dicat
277 2610 353 2692 quid
380 2629 431 2675 me
459 2609 591 2674 iubebas
619 2607 724 2673 facere
752 2609 894 2693 temporo
923 2611 985 2676 isto
1019 2630 1080 2692 quo
1107 2612 1143 2674 tu
1172 2611 1256 2675 anti-

132 2715 242 2780 christi
269 2732 454 2796 praecursor
478 2711 519 2776 ad
541 2730 597 2776 nos
625 2711 859 2778 interficiendos
890 2733 977 2778 arma
1000 2715 1109 2778 contra
1132 2715 1185 2778 dei
1206 2715 1262 2779 le·.

132 2818 215 2883 uasti
238 2818 388 2882 domum?
414 2817 556 2898 tempore
580 2834 641 2899 quo
665 2817 813 2881 exstitisti
835 2818 920 2882 unici
941 2817 1000 2881 filii
1023 2818 1073 2881 dei
1102 2819 1256 2900 negator?

131 2924 309 2986 taceremne
334 2921 365 2984 et
386 2921 419 2984 te
440 2921 550 3002 lupum
571 2920 751 2991 uenientem
774 2921 815 2985 ad
838 2920 890 2985 dei
912 2920 1102 2985 uastandum
1123 2938 1256 3003 gregem

133 3026 288 3090 sinerem?
323 3044 361 3088 an
385 3024 514 3106 dignum
537 3023 634 3087 fuisse
657 3041 767 3088 censes
791 3024 916 3088 obuiam
938 3024 1080 3105 pastores
1107 3023 1167 3087 tibi
1189 3024 1256 3088 ire-
1269 3019 1299 3062 Ἐ

131 3147 200 3192 mus
231 3128 323 3192 siccis
352 3128 461 3208 parato
491 3126 635 3192 faucibus
666 3126 706 3191 ad
735 3127 858 3192 nosmet
887 3127 1038 3209 nobisque
1069 3126 1256 3192 commissos

130 3230 395 3296 transuorandos?
432 3230 626 3312 magnalium
656 3229 760 3294 fuerat
788 3229 883 3306 satis,
918 3229 954 3294 ut
975 3229 1088 3294 mulier
1110 3230 1174 3294 ista
1197 3229 1257 3294 deo

132 3335 260 3417 cupiens
282 3335 408 3416 placere
432 3334 540 3399 Iudith
562 3352 657 3398 manu
679 3333 874 3399 interimeret
897 3352 954 3397 sua
975 3333 1116 3408 hostem,
1146 3331 1179 3396 et
1201 3350 1257 3397 nos

131 3458 187 3502 neo
218 3437 345 3520 quidem
373 3436 470 3502 uerbo
497 3437 556 3502 tibi
585 3455 604 3500 a
633 3436 758 3501 domino
786 3436 1013 3501 restitissemus
1038 3435 1177 3498 instituti
1194 3453 1256 3516 ‚pa-

186 3765 216 3819 11
236 3764 294 3833 tihi]
316 3765 376 3833 quia
394 3763 554 3817 addiderim
659 3762 690 3816 15
707 3761 800 3816 feceris
818 3763 947 3831 punitmn]
971 3762 1078 3816 sciueris
1096 3761 1258 3829 puniendum

133 3853 203 3906 cooa’.
226 3849 396 3905 Gattoodc'es
475 3848 508 3901 19
527 3847 588 3916 quid
607 3849 718 3916 scripsi,
742 3864 807 3916 quae
828 3849 855 3903 V
930 3863 996 3916 quae
1014 3850 1259 3915 -consequentur

134 3937 204 3991 coni.
223 3937 368 4003 Latinius,
388 3952 453 4004 quae
470 3964 506 3974 -
522 3935 689 4003 consequitur
706 3951 792 4002 poena
810 3935 880 3989 coeci.
902 3935 992 3988 Titias
1074 3933 1105 3986 21
1120 3932 1190 3986 dica*

133 4021 166 4076 26
189 4024 292 4076 nosmet
310 4022 436 4089 nobisque
459 4020 575 4089 scripsit„
603 4019 736 4074 nobismet
759 4020 895 4073 nobiscum
917 4021 1099 4088 Vo,.nosmet
1121 4020 1259 4075 nobiscum

133 4108 203 4162 corti.
217 4108 316 4175 Titios,
328 4106 459 4161 nobismet
472 4108 533 4174 (om.
548 4105 684 4160 nobiscum
696 4107 740 4160 oct
754 4112 941 4174 trorespooeos
953 4104 1085 4159 nobismet
1097 4107 1256 4168 commissos,

134 4191 269 4246 nobiscum
285 4189 498 4257 transnatantes)
512 4191 581 4245 cocci.
598 4192 769 4245 Gottarcdtus
840 4188 986 4263 asiatio,
1030 4192 1114 4243 ostem
1127 4197 1189 4245 cal

137 4276 171 4330 29
188 4292 221 4330 ne
239 4276 376 4346 quideme
