2850 4754
425 393 467 448 De
484 409 537 447 non
555 391 685 462 parcendo
702 393 731 446 in
749 392 826 447 doum
845 391 1064 461 delinquentibus.
1238 397 1301 470 213

177 582 326 648 multatus
349 583 459 660 morto,
484 583 633 665 quid-tibi
656 583 698 646 sit
719 583 858 647 futurum
874 581 1029 663 conspice,
1055 584 1108 664 qui
1123 584 1166 648 sis
1182 598 1299 668 negans

178 687 334 750 aeternam
349 687 433 750 unici
455 685 514 749 filii
537 685 587 749 dci
605 685 743 749 diuinam
758 685 967 749 maiestatem.
992 685 1099 767 accipe
1117 687 1193 769 quid
1214 687 1300 756 circa

176 788 277 854 Aahar
292 789 388 854 fucrit
403 788 597 853 celebratum
614 787 788 852 attendam
804 787 931 852 consulo
954 787 1028 850 toas
1045 786 1149 864 saluti,
1173 787 1242 853 redi
1258 788 1299 859 sd

177 887 224 958 dai
239 892 419 970 ecclesiam,
437 909 455 954 a
471 910 533 972 qua
547 892 579 954 to
591 909 646 972 pcr
658 891 806 956 Arrianos
823 889 964 971 abigauit
981 889 1108 955 coluber
1122 890 1177 955 illo
1187 890 1299 973 refuga

154 994 226 1078 iqui
248 995 381 1061 uerterit
403 993 506 1058 Adam
529 1012 653 1075 quoquo
676 994 708 1058 at
730 994 847 1058 Euam:
871 998 901 1061 et
915 997 993 1072 erat,
1016 993 1126 1075 inquit,
1150 994 1298 1062 dominns

176 1118 243 1164 anm
266 1099 352 1182 leon,
384 1102 414 1164 et
434 1101 505 1162 erat
525 1117 641 1161 nomen
671 1099 739 1161 eins
768 1117 863 1179 snper
889 1098 1075 1162 aninersam
1101 1102 1227 1162 terram.
1270 1104 1298 1163 et

176 1201 375 1286 neptenernnt
396 1201 462 1286 plat
485 1200 590 1265 Israei
612 1200 810 1285 nepiepentia
832 1205 861 1265 et
875 1200 1114 1282 frondonernnt
1128 1201 1245 1283 frande
1259 1200 1297 1266 de

175 1304 382 1371 anathemate.
428 1305 668 1388 etindipnatns
690 1309 736 1369 est
761 1306 816 1369 ira
837 1306 985 1370 dominns
1005 1304 1086 1385 titiis
1108 1304 1221 1370 Israel.
1245 1308 1295 1375 ⁴et

173 1409 258 1472 misit
281 1408 374 1473 Iesns
396 1409 485 1473 miros
506 1409 544 1471 in
566 1407 621 1490 Ge,
653 1427 732 1488 qnae
760 1411 805 1472 est
827 1408 998 1472 coniuncta
1021 1407 1142 1492 Batnai,
1171 1407 1295 1474 dicens:

132 1529 161 1568 1⁰
174 1511 368 1576 considerate
392 1509 449 1577 Ge.
495 1515 524 1575 et
547 1511 754 1575 ascenderant
782 1511 852 1574 niri
879 1514 909 1573 et
930 1510 1213 1575 considernnernnt
1238 1509 1294 1578 Ge.

172 1615 339 1679 drenersi
360 1617 435 1678 snat
457 1613 501 1677 ad
517 1612 626 1678 Iesnm
649 1616 679 1676 et
699 1612 852 1677 dixerunt
872 1612 915 1676 ad
938 1632 1024 1678 enm:
1055 1632 1121 1677 non
1144 1613 1296 1685 ascendat
1399 1691 1401 1697 ι

172 1718 273 1782 omnis
288 1717 441 1801 populns,
465 1715 518 1780 sed
539 1715 601 1779 dno
621 1715 675 1779 nei
697 1716 763 1779 tria
785 1715 877 1779 mdia
899 1715 1046 1779 nirornm
1068 1716 1245 1780 ascendant
1262 1720 1293 1781 ct

171 1821 334 1885 denastent
362 1821 533 1885 ciuitatem.
577 1839 616 1883 ne
649 1819 787 1883 indncas
820 1817 876 1883 iiio
904 1820 1091 1883 aninersnm
1121 1819 1290 1901 papulam,

167 1923 265 2003 panai
287 1924 373 1988 enim
394 1928 477 1988 snnt.
522 1927 551 1989 et
579 1925 789 1988 ascenderant
818 1943 888 1987 cnm
915 1923 973 1987 iiio
1002 1922 1067 2002 fere
1096 1923 1161 1986 tria
1184 1922 1290 2015 miiiia

133 2039 159 2080 1⁵
170 2028 326 2109 adranam,
356 2032 385 2092 et
406 2027 561 2111 superant
583 2047 604 2091 a
624 2028 709 2108 facie
731 2027 877 2091 nirornm
905 2026 962 2108 qni
985 2029 1077 2089 erant
1097 2026 1135 2090 in
1160 2025 1214 2093 Ge.
1259 2029 1289 2090 et

171 2130 348 2195 occiderant
376 2149 415 2194 ea
436 2131 518 2212 ipsis
540 2131 608 2194 niri
630 2131 676 2195 Ge
703 2131 838 2213 tripinta
864 2149 919 2193 sen
946 2129 1045 2213 airas,
1079 2133 1106 2192 et
1128 2128 1288 2210 persecuti

170 2236 243 2296 sant
272 2233 345 2298 iilos
373 2250 395 2296 a
422 2237 518 2313 parta
548 2237 576 2297 et
604 2232 899 2298 contridnianernnt
927 2232 982 2296 iiio
1009 2234 1046 2295 in
1070 2232 1230 2312 proclino,
1261 2234 1294 2323 et

169 2337 297 2418 enpanit
320 2356 373 2401 cor
389 2336 513 2417 popnii,
536 2340 566 2402 at
586 2336 708 2418 factam
730 2341 774 2401 est
795 2341 831 2400 nt
854 2357 947 2417 aqna.
973 2342 1001 2401 et
1023 2337 1176 2401 conscidit
1198 2334 1288 2400 Iesns

169 2441 356 2505 uestimenta
377 2459 448 2518 sna,
470 2443 500 2503 et
516 2440 659 2520 procidit
679 2441 769 2504 Iesns
790 2442 828 2504 in
849 2441 966 2520 faciem
989 2443 1062 2505 ante
1084 2440 1176 2504 deam
1191 2457 1288 2518 nsqne

134 2543 209 2607 aad
230 2562 408 2628 naspernm,
437 2545 505 2626 ipse
532 2547 561 2607 et
589 2544 724 2608 seniores
748 2543 863 2627 Israel,
892 2548 922 2607 et
949 2543 1103 2606 miserant
1119 2542 1289 2624 pntnercm

169 2665 261 2728 snper
289 2649 400 2729 capita
428 2666 498 2731 sna,
527 2650 556 2710 et
583 2647 668 2711 dicit
695 2647 803 2711 Icsns:
833 2666 954 2727 precor,
985 2645 1119 2721 domine,
1147 2649 1184 2709 nt
1211 2644 1288 2726 qnid

168 2749 330 2814 transiecit
345 2769 430 2830 pner
459 2754 533 2813 tans
556 2750 716 2830 popntnm
744 2750 839 2813 istnm
862 2749 1036 2813 Iordanem
1066 2748 1189 2812 tradere
1217 2767 1287 2812 enm

168 2851 373 2933 simoniaco,
390 2852 523 2934 perdere
545 2852 629 2915 nos?
673 2852 701 2914 si
723 2851 901 2915 mansimns
923 2852 1079 2928 interra,
1104 2851 1296 2920 commorati

170 2971 275 3019 manns
296 2956 386 3036 apnd
408 2955 586 3020 Iordanem.
610 2959 638 3020 et
659 2954 738 3037 qnid
760 2955 875 3039 dicam,
904 2955 985 3035 qnod
1006 2955 1160 3020 oonnertit
1181 2954 1289 3019 Israei

135 3058 292 3122 sanson
321 3062 431 3122 contra
462 3057 630 3123 inimicam
662 3057 779 3122 snam?
822 3062 850 3120 et
878 3060 984 3124 andiet
1014 3056 1228 3123 Oiananaens
1256 3060 1289 3121 ct.

168 3176 269 3224 amnes
290 3159 347 3240 qni
369 3165 604 3225 commorantnr
625 3163 755 3243 terram,
784 3164 813 3224 at
841 3159 1052 3226 circnmibnnt
1074 3180 1131 3226 nos
1164 3165 1192 3227 et
1213 3180 1287 3226 con-

167 3260 360 3327 triimiabnnt
382 3281 440 3326 nos
456 3283 478 3326 a
492 3267 588 3327 terra.
612 3268 640 3327 et
655 3263 733 3345 qnid
751 3261 857 3343 facias
872 3282 985 3328 nomen
1002 3268 1092 3329 tnnm
1108 3261 1284 3345 mapnnm?

167 3365 299 3430 etdiait
319 3364 468 3428 dominns
490 3365 533 3428 ad
556 3365 681 3430 Iesnm:
710 3385 813 3447 snrpe,
843 3371 879 3431 nt
900 3367 978 3447 qnid
1000 3371 1036 3430 tn
1054 3366 1225 3447 procidisti
1247 3365 1288 3430 in·

167 3465 279 3546 faeiem
292 3468 407 3532 inam?
415 3469 565 3549 peccandi
574 3469 715 3550 papidns
731 3473 758 3532 et
776 3473 992 3552 transpressns
1007 3474 1052 3535 est
1066 3470 1285 3555 testamentare

134 3579 266 3635 ³⁰rraenm
288 3570 373 3652 qnod
393 3569 538 3651 disposni
559 3571 602 3634 ad
625 3590 684 3650 eos,
707 3578 736 3634 ct
757 3570 863 3652 fnrati
884 3575 959 3635 snnt
981 3571 1019 3635 de
1042 3569 1284 3636 anathemateet

166 3672 318 3738 miserant
334 3673 369 3738 in
383 3691 467 3737 nasa
482 3693 552 3739 sna.
575 3692 640 3740 non
652 3677 802 3753 poterant
819 3673 882 3757 pin·
896 3673 1003 3738 Israel
1018 3673 1159 3738 resistere
1177 3676 1286 3739 cantra

262 3876 589 3980 amam-am

210 4133 359 4187 thiaso.
408 4135 594 4189 inelexeront
686 4137 769 4206 9que
856 4138 888 4192 11
907 4138 1008 4192 hiesum
1101 4138 1133 4192 13
1151 4138 1285 4192 diuastent
1376 4182 1377 4186 η

161 4224 226 4274 ml
306 4219 351 4273 illo
370 4221 482 4289 scripsi,
504 4221 564 4275 illos
587 4223 633 4291 Vc,
656 4223 718 4276 illuc
741 4224 811 4278 corii.
831 4224 969 4279 Latinius
1050 4223 1084 4278 23
1102 4240 1224 4278 amorreo,
1275 4237 1279 4244 ·

161 4304 268 4374 disput
336 4304 370 4358 25
389 4306 538 4361 chananeus
1162 4306 1165 4310 ⁴
