2850 4754
184 399 243 464 158
669 397 815 451 Luciferi

183 588 218 651 nt
240 606 295 653 nos
317 588 362 663 tu,
385 588 476 651 turbo
500 588 594 668 atque
616 587 755 669 procella
772 585 937 663 diabolica,
953 587 1059 650 tecum
1075 585 1114 648 ad
1132 585 1300 650 exteriores

181 691 321 754 traheres
336 690 503 754 tenebras?
519 690 691 771 manifesta
707 694 812 753 autem
827 693 911 771 sunt,
927 687 1005 752 dicit
1021 687 1190 770 apostolus,
1207 708 1301 769 opera

183 794 300 877 carnis,
325 798 501 874 quaesunt
523 793 684 857 adulteria
705 793 932 874 fornicationes
953 791 1152 855 inmunditia
1166 791 1299 872 inpudi-

181 897 259 959 citia
293 895 426 959 luxuria
459 895 644 960 idololatria
677 896 831 977 ueneficia
864 896 1056 959 inimicitiae
1092 894 1301 958 contentiones

183 998 410 1062 aemulationes
430 1000 501 1062 irae
523 1000 613 1064 rinae
636 1001 843 1064 dissensiones
865 999 1006 1063 haereses
1027 998 1173 1062 inuidiae
1200 997 1301 1060 1101111-
1325 1006 1336 1045 ⁵

184 1102 269 1165 cidia
290 1101 451 1166 ebrietates
472 1103 742 1166 commissatioues
764 1107 793 1166 et
814 1102 865 1165 bis
886 1102 1020 1178 similia,
1051 1120 1130 1183 quae
1148 1100 1301 1181 praedico

184 1203 279 1287 uobis,
302 1206 384 1268 sicut
400 1205 564 1287 praediri,
589 1206 667 1287 quia
689 1206 745 1285 qui
769 1206 850 1269 talia
875 1209 976 1286 apnnt
996 1224 1129 1288 repnum
1158 1204 1210 1267 dei
1238 1222 1302 1267 non

183 1313 417 1389 consequentur.
442 1308 474 1372 et
496 1308 571 1372 huit
591 1309 623 1371 in
645 1303 820 1373 innocentis
843 1328 953 1373 necem
976 1326 1064 1372 mens
1079 1307 1136 1371 tua
1150 1307 1302 1394 sapientia

183 1409 314 1490 uigens?
338 1409 456 1473 clamat
479 1411 638 1493 apostolus
663 1411 746 1493 quod
772 1411 949 1476 homicidae
965 1431 1025 1475 uon
1042 1413 1113 1475 sunt
1127 1406 1302 1493 possessuri

183 1529 314 1593 regnum
351 1512 524 1590 caelorum,
561 1515 592 1577 et
624 1515 659 1577 tu
693 1515 894 1579 Constantius
928 1513 1190 1595 prudentissimus
1225 1514 1302 1577 dicis
1315 1518 1336 1557 ¹⁰

185 1615 369 1696 imperator:
409 1616 550 1698 inputata
581 1618 737 1701 absentes,
766 1622 903 1681 mactate
929 1617 1105 1697 inauditos,
1138 1616 1302 1699 interficite

183 1717 372 1801 innoeentes,
396 1723 425 1781 et
446 1724 585 1783 uestrum
607 1721 668 1784 erit
691 1720 741 1784 dei
763 1741 904 1803 repuum.
942 1720 1013 1783 hinc
1042 1719 1135 1784 datur
1162 1719 1302 1801 intellegi

184 1837 278 1900 quam
301 1821 344 1884 sis
368 1821 501 1902 sapiens,
526 1823 552 1885 si
576 1822 710 1904 denique
734 1822 788 1894 ille
813 1823 855 1886 sis
879 1823 932 1903 qui
950 1822 1076 1885 domum
1090 1823 1178 1886 tuam
1196 1821 1302 1886 acdifi-

186 1922 307 1986 aaueris
331 1941 424 2003 supra
446 1925 576 2005 petram.
602 1924 716 1989 dixisse
746 1925 859 1989 etenim
888 1925 920 1988 te
944 1942 1059 2006 negare
1081 1944 1141 1988 non
1172 1924 1302 2006 poteris:

184 2045 237 2107 epo
269 2030 436 2106 propterea
473 2029 565 2106 cupio
597 2029 752 2092 damnare
787 2028 1015 2113 Athanasium,
1050 2028 1126 2108 quia
1163 2028 1304 2091 desidero
1318 2041 1339 2080 1⁵

178 2127 307 2208 plaeere
324 2129 389 2192 deo.
413 2129 459 2192 sic
475 2130 583 2211 artique
600 2131 632 2194 et
647 2150 702 2195 nos
718 2133 843 2213 placere
860 2130 1047 2195 desiderasti
1064 2129 1132 2208 deo,
1150 2129 1304 2212 quomodo

183 2230 246 2293 iam
268 2232 303 2293 tn
333 2231 498 2312 placueris,
530 2251 566 2296 er
595 2252 655 2313 quo
683 2233 834 2296 uidelicet
857 2233 1062 2296 Athanasium
1095 2251 1127 2296 es
1158 2232 1304 2315 dignatus

186 2333 325 2415 cogitare
357 2335 537 2398 interimere
562 2335 601 2398 ,in
636 2336 743 2399 nostra
780 2336 917 2399 omnium
957 2335 1149 2398 conscientia
1189 2335 1306 2398 domini

186 2435 394 2500 sacerdotum.
420 2437 464 2499 sic
487 2437 518 2498 in
540 2436 709 2518 primordio
734 2437 810 2502 Cain
834 2437 892 2501 deo
914 2437 1043 2518 placuit,
1066 2455 1138 2500 mox
1160 2437 1196 2500 ut
1209 2437 1305 2500 inter·

185 2538 279 2602 ficere
290 2539 461 2603 meditatus
478 2540 526 2602 est
537 2540 674 2604 tratrem.
700 2558 760 2622 quo
773 2541 866 2604 modo
878 2539 1014 2615 uidetur,
1032 2540 1204 2617 Constanti,
1221 2539 1305 2603 unde
1319 2551 1351 2592 ²⁰

186 2640 227 2703 sit
246 2641 336 2704 radix
357 2643 422 2720 tua,
448 2642 486 2706 de
510 2661 571 2724 qua
588 2641 804 2706 descendisset
819 2643 924 2724 stirpe.
949 2642 1172 2723 numquidnam
1188 2644 1305 2724 poteris

187 2762 303 2825 negare
325 2748 395 2827 post
417 2747 495 2809 haec
517 2747 550 2808 te
572 2745 603 2807 in
625 2745 680 2809 illo
705 2764 773 2810 esse
798 2747 891 2808 choro
915 2764 1008 2827 quem
1023 2746 1129 2808 namet
1146 2745 1305 2827 apostolus

87 2923 89 2930 Ι
186 2848 348 2911 Romanis:
372 2854 400 2911 et
421 2850 502 2912 sieut
523 2868 587 2912 nou
604 2849 824 2930 probauerunt
846 2849 939 2912 deum
960 2849 1073 2913 babere
1094 2850 1132 2912 in
1146 2850 1304 2927 notitiam,

185 2951 322 3015 tradidit
349 2951 424 3015 illos
446 2952 523 3016 deas
544 2953 581 3015 iu
603 2952 769 3032 reprobam
792 2970 927 3031 sensum,
951 2956 987 3015 ut
1007 2952 1134 3026 faciant
1160 2971 1199 3015 ea
1225 2971 1306 3033 quae

187 3072 251 3118 non
273 3055 475 3139 conueniunt,
503 3056 633 3135 repletos
655 3056 742 3118 omni
763 3055 933 3135 iniquitate
959 3054 1088 3117 malitia
1109 3055 1306 3134 inpudicitia
1319 3061 1352 3105 ²5

188 3157 361 3237 rapiditate
382 3158 533 3242 nequitia,
552 3158 664 3239 plenos
686 3158 818 3222 inuidia
832 3157 1013 3221 homicidiis
1028 3157 1220 3221 contentione
1235 3157 1305 3221 dolo

187 3258 283 3322 malis
304 3259 449 3336 moribus,
474 3265 700 3343 susurratores,
723 3261 922 3342 detractores,
952 3259 1008 3323 deo
1031 3259 1168 3338 odibiles,
1193 3262 1306 3323 eontu-

187 3361 384 3447 meli<os>os‚
423 3363 585 3443 superbos,
609 3362 671 3426 sibi
702 3363 864 3442 placentes
871 3413 879 3444 ,
903 3362 1093 3445 clericales,
1125 3360 1305 3426 iuueniores

187 3465 353 3546 malorum,
364 3465 554 3546 parentibus
569 3485 634 3528 non
648 3465 852 3545 obsequentes,
868 3456 1065 3546 insipientes,
1080 3464 1305 3544 inconpositos,

191 3567 258 3631 sine
279 3569 401 3648 auffectu,
425 3568 493 3631 siue
514 3568 743 3647 misericordia,
767 3569 822 3649 qui
845 3587 915 3632 crem
937 3559 1100 3632 iustitiam
1119 3567 1170 3631 dei
1190 3560 1305 3649 capno·
1319 3572 1355 3617 ³⁰

191 3671 304 3750 crerint,
328 3690 393 3734 nou
415 3670 644 3750 intelleaerunt,
668 3671 821 3752 quonium
843 3671 897 3751 qui
914 3670 995 3734 talia
1010 3674 1110 3753 apunt
1124 3669 1216 3751 dipui
1231 3673 1307 3733 sunt

286 3855 301 3906 2
321 3854 377 3908 Gal.
397 3856 421 3917 5,
441 3855 540 3909 19-21
645 3856 677 3908 23
696 3856 768 3908 Rom.
788 3856 812 3918 1,
831 3855 933 3908 28-32

235 4022 251 4074 3
270 4022 421 4090 inpudititia
491 4024 506 4075 6
525 4023 683 4077 ebriactates
758 4024 774 4076 8
791 4022 856 4076 furit
873 4025 944 4078 coni.
963 4025 1095 4087 Peneius,
1114 4024 1194 4078 fuerit
1216 4026 1243 4079 V

186 4109 218 4162 18
235 4110 366 4191 omninum
451 4110 483 4163 19
502 4109 663 4163 sacerdotem
683 4110 854 4163 Gallaudius
946 4109 979 4163 23
996 4110 1094 4163 notitia
1111 4110 1230 4176 Lucifer
1247 4111 1306 4180 ipse

187 4197 218 4247 iu
235 4196 305 4249 libro
322 4193 387 4249 Mor.
410 4211 457 4262 pro
482 4195 526 4248 dei
546 4196 601 4249 filio
705 4196 738 4247 24
755 4196 857 4249 faciunt
960 4196 992 4248 27
1016 4196 1238 4271 detrectatoreso

183 4269 355 4350 contumelids
372 4301 400 4363 (⁰¹
417 4315 451 4352 m.
470 4301 533 4366 rec.)
605 4299 636 4352 29
656 4298 859 4366 obsequentibus
882 4302 912 4367 V,
930 4316 979 4354 em.
997 4317 1013 4353 o
