<?xml version="1.0" encoding="UTF-8"?>
<!DOCTYPE html PUBLIC "-//W3C//DTD XHTML 1.0 Transitional//EN"
    "http://www.w3.org/TR/xhtml1/DTD/xhtml1-transitional.dtd">
<html xmlns="http://www.w3.org/1999/xhtml" xml:lang="en" lang="en">
 <head>
  <title>
</title>
<meta http-equiv="Content-Type" content="text/html;charset=utf-8" />
  <meta name='ocr-system' content='tesseract 3.04.00' />
  <meta name='ocr-capabilities' content='ocr_page ocr_carea ocr_par ocr_line ocrx_word'/>
</head>
<body>
  <div class='ocr_page' id='page_1' title='image "./lucifericalarit00lucigoog_0356.png"; bbox 0 0 2850 4754; ppageno 0'>
   <div class='ocr_carea' id='block_1_1' title="bbox 496 369 1286 440">
    <p class='ocr_par' dir='ltr' id='par_1_1' title="bbox 496 369 1286 440">
     <span class='ocr_line' id='line_1_1' title="bbox 496 369 1286 440; baseline 0.004 -16"><span class='ocrx_word' id='word_1_1' title='bbox 496 371 663 426; x_wconf 85' lang='lat' dir='ltr'><strong>Moriendum</strong></span> <span class='ocrx_word' id='word_1_2' title='bbox 682 386 738 425; x_wconf 88' lang='lat' dir='ltr'><strong>csse</strong></span> <span class='ocrx_word' id='word_1_3' title='bbox 756 387 801 440; x_wconf 89' lang='lat' dir='ltr'><strong>pro</strong></span> <span class='ocrx_word' id='word_1_4' title='bbox 821 369 863 423; x_wconf 88' lang='lat' dir='ltr'><strong>dci</strong></span> <span class='ocrx_word' id='word_1_5' title='bbox 882 371 943 425; x_wconf 87' lang='lat' dir='ltr'><strong>lilio.</strong></span> <span class='ocrx_word' id='word_1_6' title='bbox 1223 369 1286 435; x_wconf 83' lang='lat'><strong>303</strong></span> 
     </span>
    </p>
   </div>
   <div class='ocr_carea' id='block_1_2' title="bbox 116 561 1345 3946">
    <p class='ocr_par' dir='ltr' id='par_1_2' title="bbox 116 561 1345 3946">
     <span class='ocr_line' id='line_1_2' title="bbox 162 561 1284 644; baseline -0.007 -11"><span class='ocrx_word' id='word_1_7' title='bbox 162 562 267 633; x_wconf 87' lang='lat' dir='ltr'><strong>edicta</strong></span> <span class='ocrx_word' id='word_1_8' title='bbox 289 561 401 628; x_wconf 86' lang='lat' dir='ltr'><strong>feralia</strong></span> <span class='ocrx_word' id='word_1_9' title='bbox 422 565 479 627; x_wconf 86' lang='lat' dir='ltr'><strong>tue</strong></span> <span class='ocrx_word' id='word_1_10' title='bbox 500 562 701 640; x_wconf 72' lang='lat' dir='ltr'><strong>resistentes,</strong></span> <span class='ocrx_word' id='word_1_11' title='bbox 725 580 785 644; x_wconf 85' lang='lat' dir='ltr'><strong>quo</strong></span> <span class='ocrx_word' id='word_1_12' title='bbox 808 562 909 625; x_wconf 90' lang='lat' dir='ltr'><strong>minas</strong></span> <span class='ocrx_word' id='word_1_13' title='bbox 932 562 964 625; x_wconf 89' lang='lat' dir='ltr'><strong>et</strong></span> <span class='ocrx_word' id='word_1_14' title='bbox 986 563 1144 626; x_wconf 89' lang='lat' dir='ltr'><strong>cruciatus</strong></span> <span class='ocrx_word' id='word_1_15' title='bbox 1169 564 1201 627; x_wconf 91' lang='lat' dir='ltr'><strong>et</strong></span> <span class='ocrx_word' id='word_1_16' title='bbox 1221 563 1284 626; x_wconf 93' lang='lat' dir='ltr'><strong>tor-</strong></span> 
     </span>
     <span class='ocr_line' id='line_1_3' title="bbox 161 664 1286 751; baseline -0.007 -14"><span class='ocrx_word' id='word_1_17' title='bbox 161 673 268 737; x_wconf 85' lang='lat' dir='ltr'><strong>menta</strong></span> <span class='ocrx_word' id='word_1_18' title='bbox 289 669 365 733; x_wconf 88' lang='lat' dir='ltr'><strong>fidei</strong></span> <span class='ocrx_word' id='word_1_19' title='bbox 387 669 497 751; x_wconf 89' lang='lat' dir='ltr'><strong>uigore</strong></span> <span class='ocrx_word' id='word_1_20' title='bbox 519 686 574 749; x_wconf 94' lang='lat' dir='ltr'><strong>per</strong></span> <span class='ocrx_word' id='word_1_21' title='bbox 598 666 650 730; x_wconf 92' lang='lat' dir='ltr'><strong>dei</strong></span> <span class='ocrx_word' id='word_1_22' title='bbox 677 665 926 729; x_wconf 86' lang='lat' dir='ltr'><strong>misericordiam</strong></span> <span class='ocrx_word' id='word_1_23' title='bbox 955 664 1130 742; x_wconf 77' lang='lat' dir='ltr'><strong>calcemus,</strong></span> <span class='ocrx_word' id='word_1_24' title='bbox 1166 667 1286 746; x_wconf 75' lang='lat' dir='ltr'><strong>possint</strong></span> 
     </span>
     <span class='ocr_line' id='line_1_4' title="bbox 161 756 1283 858; baseline -0.007 -17"><span class='ocrx_word' id='word_1_25' title='bbox 161 777 215 841; x_wconf 94' lang='lat' dir='ltr'><strong>uel</strong></span> <span class='ocrx_word' id='word_1_26' title='bbox 235 773 342 858; x_wconf 92' lang='lat' dir='ltr'><strong>gladio</strong></span> <span class='ocrx_word' id='word_1_27' title='bbox 364 770 514 835; x_wconf 83' lang='lat' dir='ltr'><strong>inuadere</strong></span> <span class='ocrx_word' id='word_1_28' title='bbox 537 769 592 833; x_wconf 88' lang='lat' dir='ltr'><strong>uel</strong></span> <span class='ocrx_word' id='word_1_29' title='bbox 614 768 798 850; x_wconf 88' lang='lat' dir='ltr'><strong>crucifigere</strong></span> <span class='ocrx_word' id='word_1_30' title='bbox 821 769 873 833; x_wconf 93' lang='lat' dir='ltr'><strong>uel</strong></span> <span class='ocrx_word' id='word_1_31' title='bbox 894 769 959 850; x_wconf 88' lang='lat' dir='ltr'><strong>igni</strong></span> <span class='ocrx_word' id='word_1_32' title='bbox 982 770 1100 833; x_wconf 88' lang='lat' dir='ltr'><strong>terrere</strong></span> <span class='ocrx_word' id='word_1_33' title='bbox 1127 756 1182 832; x_wconf 76' lang='lat' dir='ltr'><strong>¹uel</strong></span> <span class='ocrx_word' id='word_1_34' title='bbox 1205 789 1283 850; x_wconf 89' lang='lat' dir='ltr'><strong>quo-</strong></span> 
     </span>
     <span class='ocr_line' id='line_1_5' title="bbox 161 871 1286 956; baseline -0.007 -14"><span class='ocrx_word' id='word_1_35' title='bbox 161 879 239 944; x_wconf 84' lang='lat' dir='ltr'><strong>libet</strong></span> <span class='ocrx_word' id='word_1_36' title='bbox 266 875 408 947; x_wconf 88' lang='lat' dir='ltr'><strong>inaudito</strong></span> <span class='ocrx_word' id='word_1_37' title='bbox 437 892 552 956; x_wconf 84' lang='lat' dir='ltr'><strong>genere</strong></span> <span class='ocrx_word' id='word_1_38' title='bbox 581 890 752 954; x_wconf 87' lang='lat' dir='ltr'><strong>poenarum</strong></span> <span class='ocrx_word' id='word_1_39' title='bbox 785 871 910 936; x_wconf 90' lang='lat' dir='ltr'><strong>uiscera</strong></span> <span class='ocrx_word' id='word_1_40' title='bbox 943 872 1048 935; x_wconf 86' lang='lat' dir='ltr'><strong>nostra</strong></span> <span class='ocrx_word' id='word_1_41' title='bbox 1079 892 1114 935; x_wconf 89' lang='lat' dir='ltr'><strong>ac</strong></span> <span class='ocrx_word' id='word_1_42' title='bbox 1145 873 1286 936; x_wconf 87' lang='lat' dir='ltr'><strong>membra</strong></span> 
     </span>
     <span class='ocr_line' id='line_1_6' title="bbox 135 975 1286 1059; baseline -0.006 -13"><span class='ocrx_word' id='word_1_43' title='bbox 135 982 298 1055; x_wconf 80' lang='lat' dir='ltr'><strong>⁵laniare;</strong></span> <span class='ocrx_word' id='word_1_44' title='bbox 321 979 357 1043; x_wconf 94' lang='lat' dir='ltr'><strong>ut</strong></span> <span class='ocrx_word' id='word_1_45' title='bbox 378 978 499 1044; x_wconf 87' lang='lat' dir='ltr'><strong>stamus</strong></span> <span class='ocrx_word' id='word_1_46' title='bbox 522 995 722 1058; x_wconf 87' lang='lat' dir='ltr'><strong>nuncusque</strong></span> <span class='ocrx_word' id='word_1_47' title='bbox 745 995 800 1059; x_wconf 93' lang='lat' dir='ltr'><strong>per</strong></span> <span class='ocrx_word' id='word_1_48' title='bbox 819 975 978 1040; x_wconf 91' lang='lat' dir='ltr'><strong>dominum</strong></span> <span class='ocrx_word' id='word_1_49' title='bbox 993 976 1157 1039; x_wconf 86' lang='lat' dir='ltr'><strong>inmobiles</strong></span> <span class='ocrx_word' id='word_1_50' title='bbox 1174 977 1286 1040; x_wconf 89' lang='lat' dir='ltr'><strong>staturi</strong></span> 
     </span>
     <span class='ocr_line' id='line_1_7' title="bbox 162 1078 1284 1167; baseline -0.008 -16"><span class='ocrx_word' id='word_1_51' title='bbox 162 1103 295 1167; x_wconf 88' lang='lat' dir='ltr'><strong>semper,</strong></span> <span class='ocrx_word' id='word_1_52' title='bbox 326 1083 354 1147; x_wconf 90' lang='lat' dir='ltr'><strong>si</strong></span> <span class='ocrx_word' id='word_1_53' title='bbox 382 1080 509 1163; x_wconf 92' lang='lat' dir='ltr'><strong>quidem</strong></span> <span class='ocrx_word' id='word_1_54' title='bbox 538 1098 597 1144; x_wconf 93' lang='lat' dir='ltr'><strong>non</strong></span> <span class='ocrx_word' id='word_1_55' title='bbox 624 1100 680 1145; x_wconf 91' lang='lat' dir='ltr'><strong>nos</strong></span> <span class='ocrx_word' id='word_1_56' title='bbox 704 1080 801 1144; x_wconf 89' lang='lat' dir='ltr'><strong>simus</strong></span> <span class='ocrx_word' id='word_1_57' title='bbox 825 1080 876 1161; x_wconf 92' lang='lat' dir='ltr'><strong>qui</strong></span> <span class='ocrx_word' id='word_1_58' title='bbox 899 1080 970 1144; x_wconf 90' lang='lat' dir='ltr'><strong>tuos</strong></span> <span class='ocrx_word' id='word_1_59' title='bbox 992 1078 1152 1143; x_wconf 81' lang='lat' dir='ltr'><strong>frendores</strong></span> <span class='ocrx_word' id='word_1_60' title='bbox 1174 1080 1284 1142; x_wconf 86' lang='lat' dir='ltr'><strong>uinca-</strong></span> 
     </span>
     <span class='ocr_line' id='line_1_8' title="bbox 159 1183 1285 1267; baseline -0.004 -15"><span class='ocrx_word' id='word_1_61' title='bbox 159 1206 248 1267; x_wconf 91' lang='lat' dir='ltr'><strong>mus,</strong></span> <span class='ocrx_word' id='word_1_62' title='bbox 284 1185 340 1250; x_wconf 89' lang='lat' dir='ltr'><strong>sed</strong></span> <span class='ocrx_word' id='word_1_63' title='bbox 366 1185 433 1266; x_wconf 91' lang='lat' dir='ltr'><strong>ipse</strong></span> <span class='ocrx_word' id='word_1_64' title='bbox 461 1184 493 1248; x_wconf 91' lang='lat' dir='ltr'><strong>in</strong></span> <span class='ocrx_word' id='word_1_65' title='bbox 523 1183 612 1249; x_wconf 90' lang='lat' dir='ltr'><strong>nobis</strong></span> <span class='ocrx_word' id='word_1_66' title='bbox 635 1184 724 1249; x_wconf 89' lang='lat' dir='ltr'><strong>cuius</strong></span> <span class='ocrx_word' id='word_1_67' title='bbox 749 1184 861 1247; x_wconf 77' lang='lat' dir='ltr'><strong>auxilio</strong></span> <span class='ocrx_word' id='word_1_68' title='bbox 884 1184 1032 1266; x_wconf 88' lang='lat' dir='ltr'><strong>regimur,</strong></span> <span class='ocrx_word' id='word_1_69' title='bbox 1056 1184 1145 1248; x_wconf 88' lang='lat' dir='ltr'><strong>cuius</strong></span> <span class='ocrx_word' id='word_1_70' title='bbox 1169 1184 1285 1247; x_wconf 89' lang='lat' dir='ltr'><strong>uirtute</strong></span> 
     </span>
     <span class='ocr_line' id='line_1_9' title="bbox 162 1286 1286 1370; baseline -0.005 -15"><span class='ocrx_word' id='word_1_71' title='bbox 162 1308 337 1356; x_wconf 89' lang='lat' dir='ltr'><strong>scruamur.</strong></span> <span class='ocrx_word' id='word_1_72' title='bbox 363 1287 498 1370; x_wconf 86' lang='lat' dir='ltr'><strong>quantus</strong></span> <span class='ocrx_word' id='word_1_73' title='bbox 522 1288 604 1351; x_wconf 90' lang='lat' dir='ltr'><strong>enim</strong></span> <span class='ocrx_word' id='word_1_74' title='bbox 626 1288 662 1350; x_wconf 93' lang='lat' dir='ltr'><strong>tu</strong></span> <span class='ocrx_word' id='word_1_75' title='bbox 687 1307 720 1351; x_wconf 91' lang='lat' dir='ltr'><strong>es</strong></span> <span class='ocrx_word' id='word_1_76' title='bbox 744 1288 798 1351; x_wconf 90' lang='lat' dir='ltr'><strong>aut</strong></span> <span class='ocrx_word' id='word_1_77' title='bbox 821 1287 932 1369; x_wconf 89' lang='lat' dir='ltr'><strong>qualis,</strong></span> <span class='ocrx_word' id='word_1_78' title='bbox 955 1286 1008 1369; x_wconf 90' lang='lat' dir='ltr'><strong>qui</strong></span> <span class='ocrx_word' id='word_1_79' title='bbox 1029 1287 1129 1367; x_wconf 91' lang='lat' dir='ltr'><strong>possis</strong></span> <span class='ocrx_word' id='word_1_80' title='bbox 1154 1286 1286 1368; x_wconf 88' lang='lat' dir='ltr'><strong>spoliare</strong></span> 
     </span>
     <span class='ocr_line' id='line_1_10' title="bbox 161 1371 1285 1472; baseline -0.004 -14"><span class='ocrx_word' id='word_1_81' title='bbox 161 1412 218 1458; x_wconf 92' lang='lat' dir='ltr'><strong>nos</strong></span> <span class='ocrx_word' id='word_1_82' title='bbox 239 1392 290 1456; x_wconf 89' lang='lat' dir='ltr'><strong>his</strong></span> <span class='ocrx_word' id='word_1_83' title='bbox 312 1390 402 1456; x_wconf 89' lang='lat' dir='ltr'><strong>bonis</strong></span> <span class='ocrx_word' id='word_1_84' title='bbox 426 1409 506 1472; x_wconf 87' lang='lat' dir='ltr'><strong>quae</strong></span> <span class='ocrx_word' id='word_1_85' title='bbox 530 1390 655 1453; x_wconf 92' lang='lat' dir='ltr'><strong>suntin</strong></span> <span class='ocrx_word' id='word_1_86' title='bbox 679 1409 734 1454; x_wconf 90' lang='lat' dir='ltr'><strong>nos</strong></span> <span class='ocrx_word' id='word_1_87' title='bbox 757 1390 883 1462; x_wconf 87' lang='lat' dir='ltr'><strong>conlata</strong></span> <span class='ocrx_word' id='word_1_88' title='bbox 913 1389 1084 1454; x_wconf 82' lang='lat' dir='ltr'><strong>diuinitus?</strong></span> <span class='ocrx_word' id='word_1_89' title='bbox 1113 1391 1196 1471; x_wconf 88' lang='lat' dir='ltr'><strong>rapis</strong></span> <span class='ocrx_word' id='word_1_90' title='bbox 1219 1371 1285 1466; x_wconf 84' lang='lat' dir='ltr'><strong>nos,</strong></span> 
     </span>
     <span class='ocr_line' id='line_1_11' title="bbox 123 1486 1286 1583; baseline 0.003 -30"><span class='ocrx_word' id='word_1_91' title='bbox 123 1515 148 1553; x_wconf 88' lang='lat'><strong>10</strong></span> <span class='ocrx_word' id='word_1_92' title='bbox 164 1486 298 1583; x_wconf 69' lang='lat' dir='ltr'><strong>[negas]</strong></span> <span class='ocrx_word' id='word_1_93' title='bbox 319 1511 433 1577; x_wconf 90' lang='lat' dir='ltr'><strong>egenos</strong></span> <span class='ocrx_word' id='word_1_94' title='bbox 448 1492 537 1571; x_wconf 83' lang='lat' dir='ltr'><strong>facis,</strong></span> <span class='ocrx_word' id='word_1_95' title='bbox 555 1487 695 1570; x_wconf 88' lang='lat' dir='ltr'><strong>damnas,</strong></span> <span class='ocrx_word' id='word_1_96' title='bbox 711 1492 821 1569; x_wconf 88' lang='lat' dir='ltr'><strong>uineis,</strong></span> <span class='ocrx_word' id='word_1_97' title='bbox 837 1492 912 1569; x_wconf 90' lang='lat' dir='ltr'><strong>uris,</strong></span> <span class='ocrx_word' id='word_1_98' title='bbox 935 1492 1058 1557; x_wconf 90' lang='lat' dir='ltr'><strong>miseris</strong></span> <span class='ocrx_word' id='word_1_99' title='bbox 1075 1492 1169 1555; x_wconf 89' lang='lat' dir='ltr'><strong>ctiam</strong></span> <span class='ocrx_word' id='word_1_100' title='bbox 1185 1491 1286 1556; x_wconf 91' lang='lat' dir='ltr'><strong>modis</strong></span> 
     </span>
     <span class='ocr_line' id='line_1_12' title="bbox 161 1595 1286 1677; baseline -0.004 -12"><span class='ocrx_word' id='word_1_101' title='bbox 161 1618 276 1677; x_wconf 88' lang='lat' dir='ltr'><strong>necas,</strong></span> <span class='ocrx_word' id='word_1_102' title='bbox 313 1599 344 1661; x_wconf 95' lang='lat' dir='ltr'><strong>et</strong></span> <span class='ocrx_word' id='word_1_103' title='bbox 371 1599 478 1661; x_wconf 89' lang='lat' dir='ltr'><strong>tamen</strong></span> <span class='ocrx_word' id='word_1_104' title='bbox 506 1595 632 1659; x_wconf 87' lang='lat' dir='ltr'><strong>uincere</strong></span> <span class='ocrx_word' id='word_1_105' title='bbox 657 1595 905 1660; x_wconf 79' lang='lat' dir='ltr'><strong>Christianorum</strong></span> <span class='ocrx_word' id='word_1_106' title='bbox 933 1595 1086 1659; x_wconf 88' lang='lat' dir='ltr'><strong>inuictam</strong></span> <span class='ocrx_word' id='word_1_107' title='bbox 1108 1595 1204 1659; x_wconf 91' lang='lat' dir='ltr'><strong>fidem</strong></span> <span class='ocrx_word' id='word_1_108' title='bbox 1227 1617 1286 1661; x_wconf 88' lang='lat' dir='ltr'><strong>non</strong></span> 
     </span>
     <span class='ocr_line' id='line_1_13' title="bbox 161 1693 1304 1784; baseline -0.003 -17"><span class='ocrx_word' id='word_1_109' title='bbox 161 1703 340 1784; x_wconf 80' lang='lat' dir='ltr'><strong>uates-per</strong></span> <span class='ocrx_word' id='word_1_110' title='bbox 361 1693 445 1782; x_wconf 82' lang='lat' dir='ltr'><strong>quod</strong></span> <span class='ocrx_word' id='word_1_111' title='bbox 467 1699 651 1781; x_wconf 87' lang='lat' dir='ltr'><strong>intellegere</strong></span> <span class='ocrx_word' id='word_1_112' title='bbox 676 1698 811 1763; x_wconf 85' lang='lat' dir='ltr'><strong>debuisti</strong></span> <span class='ocrx_word' id='word_1_113' title='bbox 833 1698 962 1776; x_wconf 86' lang='lat' dir='ltr'><strong>lactum,</strong></span> <span class='ocrx_word' id='word_1_114' title='bbox 988 1699 1060 1780; x_wconf 87' lang='lat' dir='ltr'><strong>quia</strong></span> <span class='ocrx_word' id='word_1_115' title='bbox 1076 1700 1108 1762; x_wconf 94' lang='lat' dir='ltr'><strong>et</strong></span> <span class='ocrx_word' id='word_1_116' title='bbox 1123 1699 1158 1761; x_wconf 89' lang='lat' dir='ltr'><strong>tu</strong></span> <span class='ocrx_word' id='word_1_117' title='bbox 1175 1698 1304 1764; x_wconf 68' lang='lat' dir='ltr'><strong>erroris,</strong></span> 
     </span>
     <span class='ocr_line' id='line_1_14' title="bbox 163 1801 1285 1885; baseline -0.002 -16"><span class='ocrx_word' id='word_1_118' title='bbox 163 1805 424 1885; x_wconf 77' lang='lat' dir='ltr'><strong>crudelitatisque</strong></span> <span class='ocrx_word' id='word_1_119' title='bbox 447 1804 521 1866; x_wconf 87' lang='lat' dir='ltr'><strong>tuae</strong></span> <span class='ocrx_word' id='word_1_120' title='bbox 544 1802 587 1866; x_wconf 90' lang='lat' dir='ltr'><strong>sis</strong></span> <span class='ocrx_word' id='word_1_121' title='bbox 608 1802 792 1882; x_wconf 88' lang='lat' dir='ltr'><strong>recepturus</strong></span> <span class='ocrx_word' id='word_1_122' title='bbox 822 1801 988 1882; x_wconf 86' lang='lat' dir='ltr'><strong>supplicia,</strong></span> <span class='ocrx_word' id='word_1_123' title='bbox 1024 1802 1056 1865; x_wconf 90' lang='lat' dir='ltr'><strong>et</strong></span> <span class='ocrx_word' id='word_1_124' title='bbox 1084 1802 1192 1866; x_wconf 87' lang='lat' dir='ltr'><strong>contra</strong></span> <span class='ocrx_word' id='word_1_125' title='bbox 1220 1821 1285 1879; x_wconf 94' lang='lat' dir='ltr'><strong>nos,</strong></span> 
     </span>
     <span class='ocr_line' id='line_1_15' title="bbox 163 1890 1287 1991; baseline -0.004 -19"><span class='ocrx_word' id='word_1_126' title='bbox 163 1907 248 1991; x_wconf 90' lang='lat' dir='ltr'><strong>quod</strong></span> <span class='ocrx_word' id='word_1_127' title='bbox 266 1926 325 1989; x_wconf 91' lang='lat' dir='ltr'><strong>per</strong></span> <span class='ocrx_word' id='word_1_128' title='bbox 348 1890 427 1969; x_wconf 75' lang='lat' dir='ltr'><strong>hanc</strong></span> <span class='ocrx_word' id='word_1_129' title='bbox 451 1905 642 1987; x_wconf 89' lang='lat' dir='ltr'><strong>propositam</strong></span> <span class='ocrx_word' id='word_1_130' title='bbox 668 1902 886 1966; x_wconf 87' lang='lat' dir='ltr'><strong>difficultatem</strong></span> <span class='ocrx_word' id='word_1_131' title='bbox 906 1904 1147 1985; x_wconf 89' lang='lat' dir='ltr'><strong>angustissimus</strong></span> <span class='ocrx_word' id='word_1_132' title='bbox 1169 1905 1287 1968; x_wconf 90' lang='lat' dir='ltr'><strong>trames</strong></span> 
     </span>
     <span class='ocr_line' id='line_1_16' title="bbox 124 2005 1287 2090; baseline -0.006 -13"><span class='ocrx_word' id='word_1_133' title='bbox 124 2028 149 2066; x_wconf 84' lang='lat'><strong>1⁵</strong></span> <span class='ocrx_word' id='word_1_134' title='bbox 164 2012 206 2077; x_wconf 90' lang='lat' dir='ltr'><strong>ad</strong></span> <span class='ocrx_word' id='word_1_135' title='bbox 227 2009 463 2075; x_wconf 81' lang='lat' dir='ltr'><strong>inmortalitatis</strong></span> <span class='ocrx_word' id='word_1_136' title='bbox 486 2006 661 2090; x_wconf 88' lang='lat' dir='ltr'><strong>praemium</strong></span> <span class='ocrx_word' id='word_1_137' title='bbox 684 2005 858 2087; x_wconf 80' lang='lat' dir='ltr'><strong>sublimiter</strong></span> <span class='ocrx_word' id='word_1_138' title='bbox 882 2005 992 2083; x_wconf 86' lang='lat' dir='ltr'><strong>ducet,</strong></span> <span class='ocrx_word' id='word_1_139' title='bbox 1027 2026 1087 2070; x_wconf 93' lang='lat' dir='ltr'><strong>non</strong></span> <span class='ocrx_word' id='word_1_140' title='bbox 1115 2007 1287 2088; x_wconf 88' lang='lat' dir='ltr'><strong>poterimus</strong></span> 
     </span>
     <span class='ocr_line' id='line_1_17' title="bbox 163 2108 1287 2194; baseline -0.005 -14"><span class='ocrx_word' id='word_1_141' title='bbox 163 2114 278 2180; x_wconf 89' lang='lat' dir='ltr'><strong>cedere</strong></span> <span class='ocrx_word' id='word_1_142' title='bbox 300 2114 375 2176; x_wconf 90' lang='lat' dir='ltr'><strong>tuae</strong></span> <span class='ocrx_word' id='word_1_143' title='bbox 398 2110 590 2187; x_wconf 91' lang='lat' dir='ltr'><strong>crudelitati,</strong></span> <span class='ocrx_word' id='word_1_144' title='bbox 615 2110 668 2192; x_wconf 89' lang='lat' dir='ltr'><strong>qui</strong></span> <span class='ocrx_word' id='word_1_145' title='bbox 690 2109 834 2174; x_wconf 90' lang='lat' dir='ltr'><strong>nouimus</strong></span> <span class='ocrx_word' id='word_1_146' title='bbox 858 2108 941 2190; x_wconf 91' lang='lat' dir='ltr'><strong>quod</strong></span> <span class='ocrx_word' id='word_1_147' title='bbox 964 2110 1006 2173; x_wconf 90' lang='lat' dir='ltr'><strong>sit</strong></span> <span class='ocrx_word' id='word_1_148' title='bbox 1026 2111 1209 2194; x_wconf 76' lang='lat' dir='ltr'><strong>martyrium</strong></span> <span class='ocrx_word' id='word_1_149' title='bbox 1229 2112 1287 2175; x_wconf 95' lang='lat' dir='ltr'><strong>do-</strong></span> 
     </span>
     <span class='ocr_line' id='line_1_18' title="bbox 161 2211 1345 2296; baseline -0.004 -15"><span class='ocrx_word' id='word_1_150' title='bbox 161 2217 299 2282; x_wconf 87' lang='lat' dir='ltr'><strong>minicae</strong></span> <span class='ocrx_word' id='word_1_151' title='bbox 331 2214 523 2279; x_wconf 89' lang='lat' dir='ltr'><strong>fortitudinis</strong></span> <span class='ocrx_word' id='word_1_152' title='bbox 557 2212 724 2294; x_wconf 89' lang='lat' dir='ltr'><strong>singularis</strong></span> <span class='ocrx_word' id='word_1_153' title='bbox 756 2211 900 2276; x_wconf 88' lang='lat' dir='ltr'><strong>imitatio.</strong></span> <span class='ocrx_word' id='word_1_154' title='bbox 944 2212 1061 2276; x_wconf 84' lang='lat' dir='ltr'><strong>laboris</strong></span> <span class='ocrx_word' id='word_1_155' title='bbox 1095 2214 1222 2296; x_wconf 91' lang='lat' dir='ltr'><strong>quidem</strong></span> <span class='ocrx_word' id='word_1_156' title='bbox 1258 2216 1290 2278; x_wconf 92' lang='lat' dir='ltr'><strong>et</strong></span> <span class='ocrx_word' id='word_1_157' title='bbox 1341 2267 1345 2276; x_wconf 92' lang='lat'><em>.</em></span> 
     </span>
     <span class='ocr_line' id='line_1_19' title="bbox 164 2315 1289 2400; baseline -0.003 -17"><span class='ocrx_word' id='word_1_158' title='bbox 164 2318 361 2384; x_wconf 87' lang='lat' dir='ltr'><strong>difficultatis</strong></span> <span class='ocrx_word' id='word_1_159' title='bbox 383 2317 477 2400; x_wconf 87' lang='lat' dir='ltr'><strong>plena</strong></span> <span class='ocrx_word' id='word_1_160' title='bbox 500 2317 577 2381; x_wconf 91' lang='lat' dir='ltr'><strong>satis</strong></span> <span class='ocrx_word' id='word_1_161' title='bbox 601 2316 633 2381; x_wconf 92' lang='lat' dir='ltr'><strong>et</strong></span> <span class='ocrx_word' id='word_1_162' title='bbox 656 2315 755 2379; x_wconf 91' lang='lat' dir='ltr'><strong>ardua</strong></span> <span class='ocrx_word' id='word_1_163' title='bbox 776 2316 948 2399; x_wconf 80' lang='lat' dir='ltr'><strong>martyrum</strong></span> <span class='ocrx_word' id='word_1_164' title='bbox 973 2315 1050 2380; x_wconf 88' lang='lat' dir='ltr'><strong>adeo</strong></span> <span class='ocrx_word' id='word_1_165' title='bbox 1078 2316 1130 2380; x_wconf 92' lang='lat' dir='ltr'><strong>uia</strong></span> <span class='ocrx_word' id='word_1_166' title='bbox 1160 2318 1222 2394; x_wconf 83' lang='lat' dir='ltr'><strong>est,</strong></span> <span class='ocrx_word' id='word_1_167' title='bbox 1254 2318 1289 2380; x_wconf 89' lang='lat' dir='ltr'><strong>ut</strong></span> 
     </span>
     <span class='ocr_line' id='line_1_20' title="bbox 164 2418 1287 2504; baseline -0.001 -19"><span class='ocrx_word' id='word_1_168' title='bbox 164 2440 225 2487; x_wconf 92' lang='lat' dir='ltr'><strong>non</strong></span> <span class='ocrx_word' id='word_1_169' title='bbox 249 2419 322 2504; x_wconf 82' lang='lat' dir='ltr'><strong>quis&#39;</strong></span> <span class='ocrx_word' id='word_1_170' title='bbox 340 2420 485 2485; x_wconf 90' lang='lat' dir='ltr'><strong>humanis</strong></span> <span class='ocrx_word' id='word_1_171' title='bbox 507 2420 639 2503; x_wconf 92' lang='lat' dir='ltr'><strong>implere</strong></span> <span class='ocrx_word' id='word_1_172' title='bbox 661 2419 769 2483; x_wconf 88' lang='lat' dir='ltr'><strong>ualeat</strong></span> <span class='ocrx_word' id='word_1_173' title='bbox 789 2418 926 2493; x_wconf 88' lang='lat' dir='ltr'><strong>uiribus;</strong></span> <span class='ocrx_word' id='word_1_174' title='bbox 951 2418 1006 2482; x_wconf 89' lang='lat' dir='ltr'><strong>sed</strong></span> <span class='ocrx_word' id='word_1_175' title='bbox 1029 2420 1157 2502; x_wconf 89' lang='lat' dir='ltr'><strong>nosqui</strong></span> <span class='ocrx_word' id='word_1_176' title='bbox 1174 2420 1287 2485; x_wconf 82' lang='lat' dir='ltr'><strong>auxilio</strong></span> 
     </span>
     <span class='ocr_line' id='line_1_21' title="bbox 116 2517 1287 2606; baseline -0.003 -16"><span class='ocrx_word' id='word_1_177' title='bbox 116 2543 151 2597; x_wconf 54' lang='lat'><strong>,20</strong></span> <span class='ocrx_word' id='word_1_178' title='bbox 164 2525 290 2590; x_wconf 90' lang='lat' dir='ltr'><strong>diuinae</strong></span> <span class='ocrx_word' id='word_1_179' title='bbox 315 2525 544 2606; x_wconf 81' lang='lat' dir='ltr'><strong>suffragationis</strong></span> <span class='ocrx_word' id='word_1_180' title='bbox 566 2525 712 2587; x_wconf 92' lang='lat' dir='ltr'><strong>iuuamur</strong></span> <span class='ocrx_word' id='word_1_181' title='bbox 735 2523 894 2588; x_wconf 88' lang='lat' dir='ltr'><strong>calcemus</strong></span> <span class='ocrx_word' id='word_1_182' title='bbox 916 2523 949 2586; x_wconf 90' lang='lat' dir='ltr'><strong>te</strong></span> <span class='ocrx_word' id='word_1_183' title='bbox 972 2541 1111 2603; x_wconf 90' lang='lat' dir='ltr'><strong>semper,</strong></span> <span class='ocrx_word' id='word_1_184' title='bbox 1142 2517 1179 2585; x_wconf 89' lang='lat' dir='ltr'><strong>ut</strong></span> <span class='ocrx_word' id='word_1_185' title='bbox 1207 2542 1287 2586; x_wconf 91' lang='lat' dir='ltr'><strong>nunc</strong></span> 
     </span>
     <span class='ocr_line' id='line_1_22' title="bbox 165 2625 1290 2716; baseline -0.004 -22"><span class='ocrx_word' id='word_1_186' title='bbox 165 2629 343 2706; x_wconf 86' lang='lat' dir='ltr'><strong>calcamus,</strong></span> <span class='ocrx_word' id='word_1_187' title='bbox 377 2646 505 2716; x_wconf 92' lang='lat' dir='ltr'><strong>necesse</strong></span> <span class='ocrx_word' id='word_1_188' title='bbox 538 2627 594 2691; x_wconf 91' lang='lat' dir='ltr'><strong>est.</strong></span> <span class='ocrx_word' id='word_1_189' title='bbox 633 2626 704 2690; x_wconf 86' lang='lat' dir='ltr'><strong>hinc</strong></span> <span class='ocrx_word' id='word_1_190' title='bbox 730 2627 778 2690; x_wconf 89' lang='lat' dir='ltr'><strong>est</strong></span> <span class='ocrx_word' id='word_1_191' title='bbox 800 2626 884 2708; x_wconf 89' lang='lat' dir='ltr'><strong>quod</strong></span> <span class='ocrx_word' id='word_1_192' title='bbox 905 2625 1030 2688; x_wconf 91' lang='lat' dir='ltr'><strong>libitum</strong></span> <span class='ocrx_word' id='word_1_193' title='bbox 1054 2625 1095 2688; x_wconf 90' lang='lat' dir='ltr'><strong>sit</strong></span> <span class='ocrx_word' id='word_1_194' title='bbox 1116 2625 1205 2690; x_wconf 88' lang='lat' dir='ltr'><strong>nobis</strong></span> <span class='ocrx_word' id='word_1_195' title='bbox 1228 2646 1290 2690; x_wconf 93' lang='lat' dir='ltr'><strong>non</strong></span> 
     </span>
     <span class='ocr_line' id='line_1_23' title="bbox 164 2727 1305 2811; baseline -0.003 -15"><span class='ocrx_word' id='word_1_196' title='bbox 164 2732 267 2797; x_wconf 91' lang='lat' dir='ltr'><strong>solum</strong></span> <span class='ocrx_word' id='word_1_197' title='bbox 289 2750 349 2795; x_wconf 93' lang='lat' dir='ltr'><strong>non</strong></span> <span class='ocrx_word' id='word_1_198' title='bbox 371 2730 404 2793; x_wconf 89' lang='lat' dir='ltr'><strong>te</strong></span> <span class='ocrx_word' id='word_1_199' title='bbox 426 2730 537 2794; x_wconf 88' lang='lat' dir='ltr'><strong>timere</strong></span> <span class='ocrx_word' id='word_1_200' title='bbox 562 2729 613 2794; x_wconf 92' lang='lat' dir='ltr'><strong>dei</strong></span> <span class='ocrx_word' id='word_1_201' title='bbox 635 2729 795 2811; x_wconf 87' lang='lat' dir='ltr'><strong>religionis</strong></span> <span class='ocrx_word' id='word_1_202' title='bbox 820 2728 1044 2805; x_wconf 87' lang='lat' dir='ltr'><strong>aduersarium,</strong></span> <span class='ocrx_word' id='word_1_203' title='bbox 1073 2727 1129 2791; x_wconf 90' lang='lat' dir='ltr'><strong>sed</strong></span> <span class='ocrx_word' id='word_1_204' title='bbox 1153 2728 1185 2790; x_wconf 90' lang='lat' dir='ltr'><strong>et</strong></span> <span class='ocrx_word' id='word_1_205' title='bbox 1206 2728 1305 2794; x_wconf 88' lang='lat' dir='ltr'><strong>ultro·</strong></span> 
     </span>
     <span class='ocr_line' id='line_1_24' title="bbox 164 2830 1287 2917; baseline -0.003 -19"><span class='ocrx_word' id='word_1_206' title='bbox 164 2852 345 2917; x_wconf 89' lang='lat' dir='ltr'><strong>prouocare.</strong></span> <span class='ocrx_word' id='word_1_207' title='bbox 391 2831 591 2915; x_wconf 82' lang='lat' dir='ltr'><strong>prouocaris,</strong></span> <span class='ocrx_word' id='word_1_208' title='bbox 607 2850 679 2896; x_wconf 91' lang='lat' dir='ltr'><strong>cum</strong></span> <span class='ocrx_word' id='word_1_209' title='bbox 702 2850 824 2913; x_wconf 91' lang='lat' dir='ltr'><strong>semper</strong></span> <span class='ocrx_word' id='word_1_210' title='bbox 852 2832 968 2894; x_wconf 91' lang='lat' dir='ltr'><strong>utnon</strong></span> <span class='ocrx_word' id='word_1_211' title='bbox 992 2830 1170 2896; x_wconf 90' lang='lat' dir='ltr'><strong>miserearis</strong></span> <span class='ocrx_word' id='word_1_212' title='bbox 1192 2832 1287 2896; x_wconf 91' lang='lat' dir='ltr'><strong>inmi-</strong></span> 
     </span>
     <span class='ocr_line' id='line_1_25' title="bbox 165 2934 1289 3016; baseline -0.003 -14"><span class='ocrx_word' id='word_1_213' title='bbox 165 2937 299 3002; x_wconf 86' lang='lat' dir='ltr'><strong>sericors</strong></span> <span class='ocrx_word' id='word_1_214' title='bbox 322 2936 379 3002; x_wconf 92' lang='lat' dir='ltr'><strong>sed</strong></span> <span class='ocrx_word' id='word_1_215' title='bbox 399 2936 435 3000; x_wconf 90' lang='lat' dir='ltr'><strong>ut</strong></span> <span class='ocrx_word' id='word_1_216' title='bbox 449 2935 622 3000; x_wconf 87' lang='lat' dir='ltr'><strong>interficias</strong></span> <span class='ocrx_word' id='word_1_217' title='bbox 646 2934 827 3015; x_wconf 84' lang='lat' dir='ltr'><strong>expectaris.</strong></span> <span class='ocrx_word' id='word_1_218' title='bbox 862 2934 933 2997; x_wconf 90' lang='lat' dir='ltr'><strong>hinc</strong></span> <span class='ocrx_word' id='word_1_219' title='bbox 952 2934 1000 2998; x_wconf 90' lang='lat' dir='ltr'><strong>est</strong></span> <span class='ocrx_word' id='word_1_220' title='bbox 1015 2934 1098 3016; x_wconf 88' lang='lat' dir='ltr'><strong>quod</strong></span> <span class='ocrx_word' id='word_1_221' title='bbox 1113 2953 1174 2998; x_wconf 92' lang='lat' dir='ltr'><strong>non</strong></span> <span class='ocrx_word' id='word_1_222' title='bbox 1189 2936 1289 3016; x_wconf 90' lang='lat' dir='ltr'><strong>possit</strong></span> 
     </span>
     <span class='ocr_line' id='line_1_26' title="bbox 127 3037 1305 3122; baseline -0.005 -18"><span class='ocrx_word' id='word_1_223' title='bbox 127 3053 154 3096; x_wconf 75' lang='lat'><strong>2⁵</strong></span> <span class='ocrx_word' id='word_1_224' title='bbox 167 3058 279 3122; x_wconf 86' lang='lat' dir='ltr'><strong>capere</strong></span> <span class='ocrx_word' id='word_1_225' title='bbox 303 3038 489 3104; x_wconf 85' lang='lat' dir='ltr'><strong>diuisionem</strong></span> <span class='ocrx_word' id='word_1_226' title='bbox 510 3038 646 3103; x_wconf 83' lang='lat' dir='ltr'><strong>felicitas</strong></span> <span class='ocrx_word' id='word_1_227' title='bbox 661 3038 777 3116; x_wconf 87' lang='lat' dir='ltr'><strong>nostra,</strong></span> <span class='ocrx_word' id='word_1_228' title='bbox 802 3038 884 3119; x_wconf 88' lang='lat' dir='ltr'><strong>quia,</strong></span> <span class='ocrx_word' id='word_1_229' title='bbox 910 3038 941 3100; x_wconf 93' lang='lat' dir='ltr'><strong>et</strong></span> <span class='ocrx_word' id='word_1_230' title='bbox 959 3056 1030 3101; x_wconf 92' lang='lat' dir='ltr'><strong>cum</strong></span> <span class='ocrx_word' id='word_1_231' title='bbox 1047 3037 1219 3102; x_wconf 85' lang='lat' dir='ltr'><strong>occidimur·</strong></span> <span class='ocrx_word' id='word_1_232' title='bbox 1234 3056 1305 3120; x_wconf 85' lang='lat' dir='ltr'><strong>pro.</strong></span> 
     </span>
     <span class='ocr_line' id='line_1_27' title="bbox 169 3139 1288 3225; baseline -0.002 -19"><span class='ocrx_word' id='word_1_233' title='bbox 169 3140 220 3206; x_wconf 90' lang='lat' dir='ltr'><strong>dei</strong></span> <span class='ocrx_word' id='word_1_234' title='bbox 241 3142 317 3220; x_wconf 90' lang='lat' dir='ltr'><strong>filio,</strong></span> <span class='ocrx_word' id='word_1_235' title='bbox 340 3143 407 3225; x_wconf 89' lang='lat' dir='ltr'><strong>ipse</strong></span> <span class='ocrx_word' id='word_1_236' title='bbox 432 3141 599 3205; x_wconf 87' lang='lat' dir='ltr'><strong>dilectione</strong></span> <span class='ocrx_word' id='word_1_237' title='bbox 621 3140 710 3204; x_wconf 90' lang='lat' dir='ltr'><strong>uiuat</strong></span> <span class='ocrx_word' id='word_1_238' title='bbox 731 3140 884 3217; x_wconf 85' lang='lat' dir='ltr'><strong>innubis,</strong></span> <span class='ocrx_word' id='word_1_239' title='bbox 908 3139 974 3222; x_wconf 94' lang='lat' dir='ltr'><strong>ipse</strong></span> <span class='ocrx_word' id='word_1_240' title='bbox 999 3140 1052 3221; x_wconf 92' lang='lat' dir='ltr'><strong>qui</strong></span> <span class='ocrx_word' id='word_1_241' title='bbox 1075 3141 1176 3204; x_wconf 88' lang='lat' dir='ltr'><strong>estin</strong></span> <span class='ocrx_word' id='word_1_242' title='bbox 1198 3159 1288 3221; x_wconf 91' lang='lat' dir='ltr'><strong>pres-</strong></span> 
     </span>
     <span class='ocr_line' id='line_1_28' title="bbox 142 3242 1289 3326; baseline -0.003 -16"><span class='ocrx_word' id='word_1_243' title='bbox 142 3264 241 3320; x_wconf 86' lang='lat' dir='ltr'><strong>¹sura</strong></span> <span class='ocrx_word' id='word_1_244' title='bbox 264 3245 296 3308; x_wconf 88' lang='lat' dir='ltr'><strong>et</strong></span> <span class='ocrx_word' id='word_1_245' title='bbox 319 3244 476 3322; x_wconf 81' lang='lat' dir='ltr'><strong>excitatio,</strong></span> <span class='ocrx_word' id='word_1_246' title='bbox 499 3244 530 3307; x_wconf 91' lang='lat' dir='ltr'><strong>in</strong></span> <span class='ocrx_word' id='word_1_247' title='bbox 553 3243 805 3326; x_wconf 90' lang='lat' dir='ltr'><strong>persecutionum</strong></span> <span class='ocrx_word' id='word_1_248' title='bbox 827 3243 953 3324; x_wconf 91' lang='lat' dir='ltr'><strong>procliis</strong></span> <span class='ocrx_word' id='word_1_249' title='bbox 979 3242 1138 3307; x_wconf 79' lang='lat' dir='ltr'><strong>fortitudo.</strong></span> <span class='ocrx_word' id='word_1_250' title='bbox 1177 3242 1289 3324; x_wconf 89' lang='lat' dir='ltr'><strong>quibus</strong></span> 
     </span>
     <span class='ocr_line' id='line_1_29' title="bbox 169 3342 1289 3428; baseline -0.001 -16"><span class='ocrx_word' id='word_1_251' title='bbox 169 3347 284 3412; x_wconf 87' lang='lat' dir='ltr'><strong>etenim</strong></span> <span class='ocrx_word' id='word_1_252' title='bbox 299 3348 379 3412; x_wconf 92' lang='lat' dir='ltr'><strong>uelis</strong></span> <span class='ocrx_word' id='word_1_253' title='bbox 394 3348 427 3411; x_wconf 92' lang='lat' dir='ltr'><strong>te</strong></span> <span class='ocrx_word' id='word_1_254' title='bbox 442 3347 544 3411; x_wconf 90' lang='lat' dir='ltr'><strong>modis</strong></span> <span class='ocrx_word' id='word_1_255' title='bbox 568 3366 676 3411; x_wconf 81' lang='lat' dir='ltr'><strong>exeras</strong></span> <span class='ocrx_word' id='word_1_256' title='bbox 690 3342 852 3424; x_wconf 85' lang='lat' dir='ltr'><strong>¹aduersus</strong></span> <span class='ocrx_word' id='word_1_257' title='bbox 876 3347 927 3411; x_wconf 91' lang='lat' dir='ltr'><strong>dei</strong></span> <span class='ocrx_word' id='word_1_258' title='bbox 949 3346 1095 3425; x_wconf 91' lang='lat' dir='ltr'><strong>cultores,</strong></span> <span class='ocrx_word' id='word_1_259' title='bbox 1119 3366 1289 3428; x_wconf 86' lang='lat' dir='ltr'><strong>numquam</strong></span> 
     </span>
     <span class='ocr_line' id='line_1_30' title="bbox 167 3449 1289 3540; baseline 0.002 -27"><span class='ocrx_word' id='word_1_260' title='bbox 167 3450 274 3515; x_wconf 90' lang='lat' dir='ltr'><strong>tamen</strong></span> <span class='ocrx_word' id='word_1_261' title='bbox 296 3450 414 3533; x_wconf 89' lang='lat' dir='ltr'><strong>peteris</strong></span> <span class='ocrx_word' id='word_1_262' title='bbox 438 3468 592 3515; x_wconf 87' lang='lat' dir='ltr'><strong>euaouare</strong></span> <span class='ocrx_word' id='word_1_263' title='bbox 617 3450 774 3540; x_wconf 88' lang='lat' dir='ltr'><strong>signatam</strong></span> <span class='ocrx_word' id='word_1_264' title='bbox 796 3449 955 3529; x_wconf 90' lang='lat' dir='ltr'><strong>uirtutem,</strong></span> <span class='ocrx_word' id='word_1_265' title='bbox 981 3451 1092 3533; x_wconf 92' lang='lat' dir='ltr'><strong>quippe</strong></span> <span class='ocrx_word' id='word_1_266' title='bbox 1109 3469 1181 3513; x_wconf 91' lang='lat' dir='ltr'><strong>cum</strong></span> <span class='ocrx_word' id='word_1_267' title='bbox 1195 3469 1289 3515; x_wconf 91' lang='lat' dir='ltr'><strong>mun-</strong></span> 
     </span>
     <span class='ocr_line' id='line_1_31' title="bbox 131 3552 931 3632; baseline 0.001 -17"><span class='ocrx_word' id='word_1_268' title='bbox 131 3565 157 3605; x_wconf 73' lang='grc'><strong>110</strong></span> <span class='ocrx_word' id='word_1_269' title='bbox 170 3552 252 3618; x_wconf 87' lang='lat' dir='ltr'><strong>dana</strong></span> <span class='ocrx_word' id='word_1_270' title='bbox 274 3573 334 3618; x_wconf 92' lang='lat' dir='ltr'><strong>non</strong></span> <span class='ocrx_word' id='word_1_271' title='bbox 357 3552 499 3632; x_wconf 88' lang='lat' dir='ltr'><strong>innitent,</strong></span> <span class='ocrx_word' id='word_1_272' title='bbox 523 3570 582 3616; x_wconf 88' lang='lat' dir='ltr'><strong>non</strong></span> <span class='ocrx_word' id='word_1_273' title='bbox 605 3553 745 3617; x_wconf 84' lang='lat' dir='ltr'><strong>terreant</strong></span> <span class='ocrx_word' id='word_1_274' title='bbox 765 3554 931 3618; x_wconf 89' lang='lat' dir='ltr'><strong>tormenta.</strong></span> 
     </span>
     <span class='ocr_line' id='line_1_32' title="bbox 210 3650 1309 3740; baseline -0.003 -18"><span class='ocrx_word' id='word_1_275' title='bbox 210 3656 250 3721; x_wconf 88' lang='lat' dir='ltr'><strong>X.</strong></span> <span class='ocrx_word' id='word_1_276' title='bbox 281 3657 361 3722; x_wconf 79' lang='lat' dir='ltr'><strong>Cum</strong></span> <span class='ocrx_word' id='word_1_277' title='bbox 391 3657 469 3720; x_wconf 90' lang='lat' dir='ltr'><strong>haec</strong></span> <span class='ocrx_word' id='word_1_278' title='bbox 497 3655 544 3719; x_wconf 87' lang='lat' dir='ltr'><strong>ita</strong></span> <span class='ocrx_word' id='word_1_279' title='bbox 575 3655 650 3733; x_wconf 91' lang='lat' dir='ltr'><strong>sint,</strong></span> <span class='ocrx_word' id='word_1_280' title='bbox 682 3655 713 3721; x_wconf 90' lang='lat' dir='ltr'><strong>te</strong></span> <span class='ocrx_word' id='word_1_281' title='bbox 744 3656 795 3720; x_wconf 87' lang='lat' dir='ltr'><strong>dei</strong></span> <span class='ocrx_word' id='word_1_282' title='bbox 827 3650 937 3722; x_wconf 89' lang='lat' dir='ltr'><strong>domus</strong></span> <span class='ocrx_word' id='word_1_283' title='bbox 959 3658 1191 3738; x_wconf 86' lang='lat' dir='ltr'><strong>persecutorem</strong></span> <span class='ocrx_word' id='word_1_284' title='bbox 1216 3656 1309 3740; x_wconf 87' lang='lat' dir='ltr'><strong>quid·</strong></span> 
     </span>
     <span class='ocr_line' id='line_1_33' title="bbox 171 3757 1291 3841; baseline 0.001 -18"><span class='ocrx_word' id='word_1_285' title='bbox 171 3759 258 3823; x_wconf 87' lang='lat' dir='ltr'><strong>aliud</strong></span> <span class='ocrx_word' id='word_1_286' title='bbox 274 3757 378 3824; x_wconf 89' lang='lat' dir='ltr'><strong>dicam</strong></span> <span class='ocrx_word' id='word_1_287' title='bbox 395 3776 488 3841; x_wconf 87' lang='lat' dir='ltr'><strong>quam</strong></span> <span class='ocrx_word' id='word_1_288' title='bbox 503 3758 663 3838; x_wconf 90' lang='lat' dir='ltr'><strong>miserum,</strong></span> <span class='ocrx_word' id='word_1_289' title='bbox 688 3757 741 3840; x_wconf 89' lang='lat' dir='ltr'><strong>qui</strong></span> <span class='ocrx_word' id='word_1_290' title='bbox 754 3757 948 3840; x_wconf 89' lang='lat' dir='ltr'><strong>praedonum</strong></span> <span class='ocrx_word' id='word_1_291' title='bbox 962 3759 1088 3823; x_wconf 90' lang='lat' dir='ltr'><strong>tuorum</strong></span> <span class='ocrx_word' id='word_1_292' title='bbox 1105 3759 1291 3824; x_wconf 86' lang='lat' dir='ltr'><strong>daemonum</strong></span> 
     </span>
     <span class='ocr_line' id='line_1_34' title="bbox 169 3861 1289 3946; baseline 0.002 -19"><span class='ocrx_word' id='word_1_293' title='bbox 169 3861 424 3944; x_wconf 85' lang='lat' dir='ltr'><strong>instigationibus</strong></span> <span class='ocrx_word' id='word_1_294' title='bbox 446 3880 568 3944; x_wconf 85' lang='lat' dir='ltr'><strong>pareas,</strong></span> <span class='ocrx_word' id='word_1_295' title='bbox 593 3880 724 3943; x_wconf 90' lang='lat' dir='ltr'><strong>quorum</strong></span> <span class='ocrx_word' id='word_1_296' title='bbox 747 3861 883 3926; x_wconf 91' lang='lat' dir='ltr'><strong>stimulis</strong></span> <span class='ocrx_word' id='word_1_297' title='bbox 909 3862 999 3926; x_wconf 91' lang='lat' dir='ltr'><strong>actus</strong></span> <span class='ocrx_word' id='word_1_298' title='bbox 1013 3863 1090 3927; x_wconf 88' lang='lat' dir='ltr'><strong>haec</strong></span> <span class='ocrx_word' id='word_1_299' title='bbox 1106 3863 1202 3929; x_wconf 82' lang='lat' dir='ltr'><strong>fueris</strong></span> <span class='ocrx_word' id='word_1_300' title='bbox 1216 3883 1289 3946; x_wconf 91' lang='lat' dir='ltr'><strong>per-</strong></span> 
     </span>
    </p>
   </div>
   <div class='ocr_carea' id='block_1_3' title="bbox 223 4043 1292 4169">
    <p class='ocr_par' dir='ltr' id='par_1_3' title="bbox 223 4043 1292 4169">
     <span class='ocr_line' id='line_1_35' title="bbox 223 4043 1292 4169; baseline 0.004 -35"><span class='ocrx_word' id='word_1_301' title='bbox 223 4080 356 4137; x_wconf 86' lang='lat' dir='ltr'><strong>leedicta</strong></span> <span class='ocrx_word' id='word_1_302' title='bbox 414 4082 469 4151; x_wconf 34' lang='lat' dir='ltr'><strong>⁸qui</strong></span> <span class='ocrx_word' id='word_1_303' title='bbox 480 4083 547 4149; x_wconf 78' lang='lat' dir='ltr'><strong>fort.</strong></span> <span class='ocrx_word' id='word_1_304' title='bbox 617 4082 748 4169; x_wconf 83' lang='lat' dir='ltr'><strong>2uigores</strong></span> <span class='ocrx_word' id='word_1_305' title='bbox 812 4084 845 4136; x_wconf 87' lang='lat'><strong>10</strong></span> <span class='ocrx_word' id='word_1_306' title='bbox 856 4099 938 4153; x_wconf 86' lang='lat' dir='ltr'><strong>negas</strong></span> <span class='ocrx_word' id='word_1_307' title='bbox 950 4085 1096 4153; x_wconf 73' lang='grc'><strong>1111111111,</strong></span> <span class='ocrx_word' id='word_1_308' title='bbox 1108 4087 1209 4154; x_wconf 87' lang='lat' dir='ltr'><strong>relegas</strong></span> <span class='ocrx_word' id='word_1_309' title='bbox 1221 4043 1292 4140; x_wconf 78' lang='lat' dir='ltr'><strong>coeci.</strong></span> 
     </span>
    </p>
   </div>
   <div class='ocr_carea' id='block_1_4' title="bbox 172 4173 1292 4362">
    <p class='ocr_par' dir='ltr' id='par_1_4' title="bbox 172 4173 1292 4362">
     <span class='ocr_line' id='line_1_36' title="bbox 172 4173 1292 4285; baseline 0.001 -30"><span class='ocrx_word' id='word_1_310' title='bbox 172 4202 310 4258; x_wconf 67' lang='lat' dir='ltr'><strong>Latiares</strong></span> <span class='ocrx_word' id='word_1_311' title='bbox 389 4201 421 4254; x_wconf 90' lang='lat'><strong>15</strong></span> <span class='ocrx_word' id='word_1_312' title='bbox 440 4173 512 4256; x_wconf 74' lang='lat' dir='ltr'><strong>dicat</strong></span> <span class='ocrx_word' id='word_1_313' title='bbox 592 4176 766 4272; x_wconf 69' lang='lat' dir='ltr'><strong>22solnm¹¹⁰¹¹</strong></span> <span class='ocrx_word' id='word_1_314' title='bbox 804 4203 842 4256; x_wconf 82' lang='lat'><strong>23·</strong></span> <span class='ocrx_word' id='word_1_315' title='bbox 856 4219 913 4285; x_wconf 86' lang='lat' dir='ltr'><strong>cum</strong></span> <span class='ocrx_word' id='word_1_316' title='bbox 933 4206 980 4270; x_wconf 85' lang='lat' dir='ltr'><strong>Vc,</strong></span> <span class='ocrx_word' id='word_1_317' title='bbox 1001 4204 1069 4259; x_wconf 87' lang='lat' dir='ltr'><strong>enim</strong></span> <span class='ocrx_word' id='word_1_318' title='bbox 1087 4205 1157 4259; x_wconf 78' lang='lat' dir='ltr'><strong>coeci.</strong></span> <span class='ocrx_word' id='word_1_319' title='bbox 1179 4205 1292 4259; x_wconf 76' lang='lat' dir='ltr'><strong>Gallen-</strong></span> 
     </span>
     <span class='ocr_line' id='line_1_37' title="bbox 173 4287 989 4362; baseline 0.002 -19"><span class='ocrx_word' id='word_1_320' title='bbox 173 4288 238 4344; x_wconf 76' lang='lat' dir='ltr'><strong>dius</strong></span> <span class='ocrx_word' id='word_1_321' title='bbox 291 4287 340 4341; x_wconf 57' lang='lat'><strong>&lt;27</strong></span> <span class='ocrx_word' id='word_1_322' title='bbox 360 4288 511 4343; x_wconf 83' lang='lat' dir='ltr'><strong>exercitatis</strong></span> <span class='ocrx_word' id='word_1_323' title='bbox 529 4307 546 4344; x_wconf 86' lang='lat' dir='ltr'><strong>o</strong></span> <span class='ocrx_word' id='word_1_324' title='bbox 564 4289 697 4362; x_wconf 22' lang='lat' dir='ltr'><strong>(cerr-&#39;tn</strong></span> <span class='ocrx_word' id='word_1_325' title='bbox 713 4289 801 4359; x_wconf 80' lang='lat' dir='ltr'><strong>uotis)</strong></span> <span class='ocrx_word' id='word_1_326' title='bbox 871 4290 905 4345; x_wconf 80' lang='lat'><strong>32</strong></span> <span class='ocrx_word' id='word_1_327' title='bbox 923 4291 989 4347; x_wconf 76' lang='lat' dir='ltr'><strong>aliut</strong></span> 
     </span>
    </p>
   </div>
   <div class='ocr_carea' id='block_1_5' title="bbox 0 0 1435 4754">
    <p class='ocr_par' dir='ltr' id='par_1_5' title="bbox 0 0 1435 4754">
     <span class='ocr_line' id='line_1_38' title="bbox 0 0 1435 4754; baseline 0 0"><span class='ocrx_word' id='word_1_328' title='bbox 0 0 1435 4754; x_wconf 95' lang='lat' dir='ltr'><strong> </strong></span> 
     </span>
    </p>
   </div>
  </div>
 </body>
</html>
