2850 4754
405 398 447 453 De
465 413 517 453 nen
535 398 665 468 pareendo
683 399 711 453 in
730 399 807 454 deum
825 399 1045 471 delinquentibus.
1228 401 1291 468 259

173 584 268 651 seruis
290 585 374 665 suis,
408 562 486 653 haee
511 586 544 651 et
564 586 600 651 tu
622 605 679 652 nes
701 588 807 653 dieere
831 587 929 654 andis.
969 589 997 654 si
1023 589 1072 654 illi
1100 589 1292 659 dictumest

170 688 250 772 regi:
285 694 379 772 tuque
401 709 418 754 o
440 689 585 756 scelerate
613 694 643 755 et
669 692 814 756 amue‘uue
841 692 1006 758 homiuum
1030 693 1289 778 fleptte'osisse'me,

170 791 235 856 uoti
256 793 381 874 frustra
403 793 512 859 extolli
534 814 625 859 uuae
645 813 700 877 epe
732 795 768 858 e'u
796 814 902 860 seruos
931 796 998 860 etus
1024 795 1177 877 testatum
1209 816 1289 861 uuu-

170 893 242 958 dum
271 897 356 960 enim
384 898 627 982 omipotentis,
662 899 772 964 omniu
805 899 1026 981 conspuentes
1053 900 1104 965 dei
1131 900 1290 964 e'ude'ee'um

149 996 315 1081 eeffupe'eti,
338 999 417 1065 haee
442 999 474 1064 et
490 999 639 1073 tuendis
663 1020 681 1065 a
703 1001 808 1079 nobis,
838 1001 921 1084 qued
945 1002 1026 1067 enim
1049 1002 1093 1067 sie
1115 1003 1289 1069 sceleratus

170 1101 306 1165 emnium
327 1102 489 1167 hominum
510 1102 786 1186 flagitiosissimus,
820 1105 874 1188 qui
895 1105 1014 1169 ideireo
1036 1107 1114 1170 haee
1137 1124 1230 1188 geras
1252 1108 1289 1172 ut

169 1223 222 1269 nos
250 1203 451 1287 coapostatas
478 1204 577 1271 faeias
605 1207 693 1285 tues,
729 1207 785 1272 sed
812 1209 918 1272 tamen
952 1208 1068 1273 frustra
1096 1209 1129 1272 te
1160 1209 1288 1289 elatum,

169 1327 250 1373 uana
274 1307 427 1372 instinctu
458 1308 575 1375 diaboli
597 1310 628 1373 in
650 1329 708 1375 nes
731 1309 783 1374 dei
804 1329 913 1376 seruos
936 1330 990 1393 spe
1018 1310 1178 1391 inflatum,
1213 1312 1288 1395 quia

168 1430 267 1495 neque
288 1412 361 1477 tuos
383 1412 485 1493 possis
506 1412 637 1495 implere
660 1412 791 1478 uenatus
813 1412 968 1496 malignes
991 1431 1092 1495 neque
1115 1414 1167 1480 dei
1186 1414 1290 1481 emnia

137 1531 158 1570 10
169 1513 387 1598 conspicientis
417 1515 583 1597 omniaque
611 1514 748 1606 petentis
777 1515 913 1580 euadere
946 1501 1109 1581 iudicium.
1150 1517 1242 1583 audis
1272 1536 1290 1582 a

154 1617 270 1696 nubis,
305 1616 389 1682 31331
417 1617 449 1681 et
474 1635 530 1699 per
551 1617 642 1683 illurn
663 1617 829 1682 inlustrem
853 1618 1087 1684 adulescentem
1111 1619 1200 1684 audit
1221 1619 1288 1684 An·

167 1719 305 1785 tieehue:
340 1720 423 1803 qued
450 1721 534 1785 entur
561 1721 680 1805 fratres
702 1723 804 1786 uestri
819 1742 931 1804 puueu
946 1724 1093 1805 perpessi
1113 1723 1169 1787 sub
1193 1727 1288 1788 testu-

167 1827 307 1889 meeum
338 1823 390 1888 det
422 1828 566 1888 aeternae
598 1825 686 1888 attae
719 1825 930 1910 recciderunt,
968 1831 1003 1890 tu
1029 1843 1105 1890 uere
1133 1825 1215 1906 qued
1243 1826 1288 1890 us

167 1927 285 1992 luduin
306 1927 358 1992 dei
379 1927 483 1992 iustus
504 1926 670 2009 superbiae
685 1947 807 2010 poenus
826 1927 1054 2009 persoluturus.
1100 1927 1190 1992 audis
1214 1927 1247 1991 et
1269 1944 1287 1991 3

135 2029 253 2094 euobis
282 2047 339 2094 nes
366 2028 413 2093 ita
442 2047 511 2094 esse
539 2030 666 2110 paratus
698 2029 834 2095 interfici
863 2049 882 2094 a
908 2030 941 2094 te
968 2029 1114 2095 earnifiee
1136 2049 1192 2112 pro
1216 2030 1286 2108 dee,

168 2134 260 2199 sienti
283 2134 346 2198 iam
362 2131 476 2198 fratres
492 2134 614 2198 nostros
629 2132 826 2213 interfecisti,
851 2134 971 2198 animas
987 2133 1019 2198 'et
1034 2151 1165 2215 eerpera
1179 2132 1288 2197 nestra

166 2237 292 2319 tradere
319 2253 376 2300 nos
403 2235 530 2318 paratos
559 2255 614 2318 pro
650 2237 723 2301 Iesu
747 2236 870 2302 Christe
900 2237 951 2301 dei
981 2255 1057 2301 uere
1091 2236 1182 2300 uniee
1209 2234 1286 2315 filie,

168 2339 325 2406 confidere
346 2339 512 2421 praeterea
534 2358 590 2404 nes
613 2339 652 2403 de
669 2339 735 2404 eius
750 2339 937 2423 infatigabili
952 2340 1080 2422 pietate,
1105 2338 1187 2421 qued
1204 2338 1287 2403 enim

168 2462 290 2509 omnem
319 2440 446 2525 quidem
475 2458 604 2523 gregem
636 2459 727 2505 sunm
756 2441 797 2506 sit
824 2442 979 2506 maturius
1009 2441 1172 2524 erepturus
1196 2459 1233 2505 ex
1254 2441 1287 2505 te

134 2555 281 2629 ”rapace
302 2545 392 2628 lupe,
423 2563 460 2608 ex
481 2545 514 2608 te
538 2563 615 2609 eane
637 2544 762 2621 rabid03
795 2546 831 2609 tu
853 2564 928 2610 uere
952 2546 1036 2627 qued
1058 2545 1116 2624 sie,
1147 2543 1208 2608 nisi
1228 2543 1287 2608 tibi

168 2647 371 2726 consulueris,
396 2667 517 2730 semper
539 2647 571 2712 in
593 2648 750 2712 tormenta
772 2648 922 2713 abiturus.
947 2648 1022 2729 quid
1046 2665 1104 2729 ege
1126 2645 1197 2728 plus
1220 2646 1286 2709 siue

165 2772 220 2835 per
243 2751 431 2834 scripturam
455 2752 522 2816 siue
543 2752 575 2815 in
597 2751 755 2835 praesenti
776 2751 835 2815 tibi
859 2751 999 2829 dixerim,
1029 2750 1102 2814 uolo
1129 2748 1284 2826 reuineas,

165 2858 199 2920 tu
223 2856 322 2922 uestri
342 2855 493 2937 temperis
514 2855 672 2939 tyrannus.
712 2854 792 2920 site
817 2873 874 2937 ego
897 2853 1077 2919 carnificem
1101 2852 1179 2931 dixi,
1207 2851 1286 2914 dixit

165 2977 225 3024 nen
248 2959 350 3024 solum
372 2958 433 3022 iste
457 2958 640 3023 adolescens
661 2957 862 3037 iustissimus,
887 2958 943 3022 sed
967 2957 998 3020 et
1018 2941 1085 3021 eius
1100 2955 1202 3019 mater
1217 2954 1285 3019 An-

132 3063 270 3128 lltieehe
294 3061 450 3126 eeamenti
476 3061 548 3136 tu03
583 3063 609 3127 si
631 3061 774 3126 inuentor
791 3061 896 3125 amnis
918 3060 1059 3124 malitiae
1082 3045 1186 3124 dr‘e'tus
1210 3077 1244 3122 es
1268 3076 1286 3121 a

165 3184 232 3245 me,
256 3164 284 3230 si
307 3163 391 3246 qued
411 3183 472 3229 nen
496 3165 539 3232 sis
562 3165 744 3247 effugiturus
766 3182 895 3228 manum
918 3163 984 3243 dei,
1008 3163 1035 3229 si
1049 3148 1232 3230 ¹sceleratus
1255 3161 1287 3223 et

98 3280 101 3288 '
167 3269 306 3333 omnium
328 3267 488 3332 hominum
509 3267 783 3351 flagitiosissimus,
808 3267 963 3350 quianon
986 3266 1029 3333 sis
1044 3267 1156 3331 vemnia
1172 3263 1285 3347 poten-

124 3376 126 3383 '
165 3371 221 3450 tis,
257 3369 362 3436 omnia
384 3370 603 3453 conspicientis
625 3369 776 3435 iudicium
800 3369 999 3452 effugiturus,
1035 3370 1093 3434 sed
1113 3368 1145 3433 in
1167 3365 1284 3430 iudicio

168 3473 218 3538 dei
232 3474 269 3537 tn
290 3472 391 3538 iustas
412 3492 529 3556 poenas
552 3473 595 3538 sis
618 3472 824 3553 exsoluturus,
848 3474 926 3537 haee
950 3471 1054 3538 emnia
1075 3471 1139 3536 iam
1162 3471 1202 3534 ab
1222 3468 1284 3533 iste

132 3577 313 3660 ³⁰religiose
347 3576 547 3642 adolescente
584 3576 669 3641 dieta
701 3575 826 3641 fuerant
859 3575 1000 3658 collegae
1032 3576 1088 3640 tue
1120 3562 1284 3638 Antioche.

167 3679 428 3745 contumeliosum
460 3697 511 3744 me
544 3679 703 3758 elamitas,
740 3679 813 3762 quia
845 3678 955 3743 uideas
984 3678 1079 3760 digua
1108 3676 1171 3743 tuis
1192 3677 1285 3741 laetis

267 3919 283 3970 2
301 3918 327 3972 11
343 3918 431 3979 Maeh.
448 3921 472 3984 7,
491 3919 525 3972 34
595 3919 626 3973 12
644 3917 680 3972 ib.
699 3919 724 3982 7,
743 3918 776 3971 36

216 4143 340 4197 lemnia
358 4143 542 4212 conspicientis
561 4160 645 4197 euuu
720 4143 942 4212 lquoapostetas
1011 4141 1044 4196 13
1062 4141 1217 4195 reeeiderint

167 4229 200 4280 14
218 4231 245 4282 et
263 4245 284 4285 e.
305 4229 321 4282 l.
390 4227 423 4281 20
442 4229 478 4282 sit
546 4228 578 4281 21
597 4228 734 4282 habiturus
757 4228 862 4296 errt.
881 4233 954 4283 reete
971 4228 997 4281 et
1015 4228 1174 4298 repeauere‘e
1192 4227 1286 4296 sempi-

166 4316 241 4376 terna
255 4329 310 4383 pre
329 4329 430 4382 semper
446 4314 474 4367 in
543 4313 577 4368 30
596 4314 758 4369 aduliscente
1133 4313 1136 4319 ’

1137 4416 1191 4470 ll*
