2850 4754
411 372 453 426 De
472 389 524 426 non
542 373 672 443 parcendo
690 374 718 427 in
736 373 813 427 deum
832 372 1051 442 delinquentibus.
1223 376 1286 441 279

167 560 247 627 ditos
276 582 333 628 nos
363 562 476 628 debere
506 582 575 628 esse
602 564 634 628 in
662 564 752 629 bonis
781 564 941 646 operitur,
975 581 1034 626 non
1063 563 1094 625 in
1117 564 1219 628 maiis.
1258 564 1286 629 si

167 667 281 730 bonum
298 666 347 730 est
369 684 455 748 opus,
479 667 514 729 ut
537 667 697 731 absentem
719 667 945 744 interimamus,
968 667 1004 730 ut
1017 666 1193 730 inauditum
1208 687 1285 749 pur-

166 786 240 849 gare
271 787 304 833 se
333 768 581 850 proclamantem
608 788 773 848 necemus,
804 770 839 832 ut
869 788 940 832 eum
968 788 1061 850 quem
1088 770 1287 835 innocentem

167 871 284 936 scimus
319 872 499 936 omittentes
539 892 661 938 omnem
699 873 877 954 respectum
911 872 1146 936 misericordiae
1179 872 1286 936 tecum

142 972 346 1054 ⁵puniamuS,
376 974 403 1039 si
426 994 503 1056 opus
526 976 641 1039 bonum
665 976 713 1038 est
734 993 850 1056 negare
880 974 931 1038 dei
958 974 1085 1038 unicum
1112 974 1228 1052 filium,
1260 976 1286 1039 si

166 1095 241 1157 opus
266 1075 324 1140 deo
349 1079 513 1159 acceptum
538 1080 585 1142 est
608 1078 813 1159 apostolicam
836 1079 980 1143 deserere
996 1078 1101 1155 fidem,
1126 1078 1285 1158 suscipere

163 1180 366 1259 haereticam,
389 1180 501 1245 merito
526 1181 647 1245 diceres
670 1181 779 1245 contra
801 1199 961 1245 sacrarum
983 1183 1087 1245 facere
1110 1200 1160 1245 me
1183 1181 1285 1263 serip-

163 1283 306 1347 turarum
327 1283 455 1348 monita.
481 1282 562 1347 addo
584 1282 673 1359 illud,
698 1282 781 1364 quod
803 1283 928 1347 iliorum
943 1283 1117 1364 principum
1134 1283 1165 1346 et
1179 1282 1284 1364 magi-

164 1387 322 1450 stratuum
346 1386 505 1468 apostolus
528 1385 639 1449 fecerit
660 1385 866 1462 mentionem,
898 1386 951 1466 qui
973 1385 1107 1449 necdum
1130 1384 1285 1449 credidis-

126 1503 152 1542 10
165 1490 235 1553 sent
257 1489 288 1553 in
311 1489 439 1552 unicum
463 1488 514 1551 dei
535 1488 651 1565 filium,
680 1488 788 1568 utique
811 1487 988 1551 humilitate
1010 1487 1117 1552 nostra
1141 1488 1172 1551 et
1194 1506 1285 1550 man-

165 1592 331 1656 suetudine
356 1592 387 1654 et
409 1591 503 1672 longa
525 1591 557 1654 in
582 1590 722 1655 aduersis
752 1590 905 1671 patientia
927 1591 959 1654 et
981 1590 1117 1654 maxima
1138 1591 1170 1654 in
1192 1592 1286 1655 rebus

164 1695 310 1776 congruis
327 1693 526 1759 oboedientia
540 1693 673 1758 firissent
687 1692 848 1774 prouocati
866 1693 907 1757 ad
921 1693 1121 1757 credendum.
1146 1695 1287 1758 ceterum

165 1798 192 1861 si
214 1798 259 1874 tu,
284 1799 358 1879 quia
379 1797 549 1878 imperator
572 1796 625 1873 sis,
649 1795 770 1878 fingens
791 1797 824 1860 te
848 1815 943 1860 unum
967 1816 983 1861 e
1006 1796 1094 1861 nobis
1116 1812 1214 1877 cogas
1229 1815 1286 1860 nos

165 1900 260 1963 deum
289 1900 504 1980 derelinquere
535 1899 566 1962 et
591 1899 804 1964 idololatriam
837 1900 1012 1980 suscipere,
1046 1898 1198 1981 numquid
1227 1899 1286 1962 ad-

125 2003 391 2086 requiescendum
412 2002 470 2067 tibi
494 2004 561 2079 erit,
586 2001 636 2067 ne'
649 2003 781 2085 apostoli
803 2003 1026 2084 praetermissa
1040 2003 1136 2067 fuisse
1151 2002 1285 2066 uidean-

163 2106 215 2170 tur
238 2107 427 2188 praecepta?
451 2104 610 2168 ettamen
632 2106 677 2181 tu,
701 2104 754 2186 qui
776 2105 809 2168 te
829 2105 922 2187 fingis
946 2105 1167 2181 Christianum,
1192 2103 1286 2169 chri-

165 2209 285 2278 stianos
307 2207 470 2288 temptaris
494 2208 577 2289 quod
599 2209 666 2289 ipse
690 2209 732 2272 sis
755 2208 875 2285 facere,
898 2210 957 2272 hoc
983 2209 1030 2272 est
1053 2207 1228 2289 apostatas,
1251 2207 1286 2268 tu

165 2312 220 2392 qui
249 2310 350 2374 adhuc
381 2310 496 2374 stultus
525 2309 568 2373 sis
597 2310 628 2372 et
660 2309 854 2375 incredibilis
890 2328 1074 2391 permanens
1102 2309 1134 2371 in
1163 2307 1287 2372 malitia

163 2415 235 2492 tua,
265 2415 297 2478 in
320 2432 382 2494 qua
405 2413 436 2477 et
458 2431 514 2476 nos
537 2412 633 2476 fuisse
662 2413 733 2476 ante
763 2413 968 2496 agnitionem,
1005 2412 1075 2475 ante
1108 2411 1287 2492 susceptam

127 2528 152 2568 2⁰
165 2535 290 2581 sacram
312 2515 409 2579 fidem
433 2514 591 2596 apostolus
615 2513 700 2578 dicit.
724 2514 756 2577 in
780 2515 892 2596 quibus
914 2515 972 2579 tibi
993 2515 1198 2596 temperaturi
1214 2533 1286 2578 era·

163 2639 251 2696 mus,
281 2619 340 2683 nisi
363 2619 398 2681 ut
421 2637 501 2699 quae
523 2617 612 2681 licita
635 2617 740 2683 essent
768 2617 992 2698 impleremus?
1027 2618 1080 2680 aut
1103 2636 1175 2681 cum
1199 2617 1286 2681 dicas

163 2723 209 2798 tu,
226 2722 409 2803 blaspheme
422 2721 595 2786 homicida:
618 2726 724 2786 moute
738 2722 894 2786 credentes
909 2723 945 2785 c'o
960 2722 1091 2785 onmem
1106 2721 1156 2803 etet
1169 2721 1285 2805 fitium,

165 2828 258 2888 estote
286 2843 406 2888 meeum
432 2829 642 2904 persecutores
669 2823 780 2890 domus
808 2825 893 2903 aas,
928 2843 1046 2888 mecam
1073 2828 1182 2907 nepote
1204 2843 1285 2904 eom,

165 2925 373 3008 apostolicum
400 2928 537 3008 respuite
564 2927 671 3008 pidem,
699 2927 849 3009 suscipite
871 2926 1026 2992 haeresem
1046 2946 1164 3006 mum,
1196 2929 1287 2992 ocios

126 3037 151 3078 ²⁵
166 3049 219 3112 epo
241 3027 386 3093 omuibus
408 3029 531 3093 utribus
553 3029 655 3092 cordis
676 3030 738 3093 met
760 3030 851 3093 ecttte'
872 3034 1010 3106 amator,
1045 3030 1115 3111 quis
1142 3031 1175 3093 te
1203 3030 1285 3094 inf·

163 3131 254 3195 lioior
285 3130 347 3208 est,
377 3130 413 3193 ut
440 3150 501 3195 non
529 3131 561 3195 te
589 3131 684 3207 uitet,
713 3150 773 3195 non
800 3131 833 3195 te
862 3133 940 3196 haec
968 3131 1072 3196 facere
1102 3134 1286 3198 suadentem

164 3232 354 3295 daemonum
376 3232 528 3313 templum
553 3251 621 3296 esse
644 3229 836 3313 cognoscens
857 3233 978 3316 fugiat?
1003 3235 1077 3317 quia
1092 3237 1168 3300 haec
1186 3235 1286 3312 audis,

164 3334 261 3398 dicis:
298 3335 458 3398 intectum
477 3337 589 3417 potior
613 3357 634 3398 u
657 3335 803 3417 Lucifero
831 3338 956 3403 homine
984 3341 1097 3404 misero
1126 3345 1165 3405 et.
1180 3340 1287 3420 utique

162 3438 347 3521 imperator,
376 3455 437 3500 non
461 3438 661 3519 subsequitur
684 3456 786 3504 sermo
808 3440 862 3504 ille
884 3441 957 3506 tuus
980 3441 1182 3523 blasphemus
1208 3460 1285 3505 oon·

123 3549 151 3590 ³⁰
165 3538 346 3620 spurcatus:
370 3540 467 3604 audio
490 3561 570 3620 poue
592 3561 708 3605 mereor
728 3563 750 3606 u
772 3542 920 3623 Iaectfero
942 3545 1063 3609 demeat
1086 3544 1250 3610 secerdote.

207 3641 373 3706 XXXIIII.
411 3642 534 3707 Galatis
558 3662 615 3708 uas
639 3643 816 3723 electionis,
846 3648 959 3726 miror,
988 3646 1104 3729 inquit,
1133 3647 1216 3726 quod
1242 3647 1287 3711 se'c

164 3748 230 3807 tom
253 3745 312 3808 cito
334 3745 588 3827 transferemini,
619 3749 675 3829 pot
698 3768 753 3813 uos
774 3751 905 3812 ooeoue't
925 3751 962 3814 e'oe
983 3751 1106 3832 pretio,
1136 3755 1173 3814 e'u
1196 3749 1288 3814 aliod
1345 3758 1351 3771 ⁹

162 3888 203 3919 ·’
265 3895 297 3947 31
318 3895 375 3950 Gal.
394 3897 505 3960 1,o-9

215 4033 231 4085 2
250 4033 435 4088 interemamus
505 4035 521 4089 8
538 4036 599 4090 illut
668 4037 701 4089 10
717 4039 749 4090 ut
765 4027 785 4089 ii
803 4053 903 4106 quoque
915 4024 984 4092 cont}
1002 4026 1180 4103 Gulloade'us,
1198 4040 1288 4107 utique

162 4120 236 4201 idern
256 4136 313 4174 esse
332 4121 405 4188 quod
425 4124 452 4175 et
471 4123 514 4190 qui
532 4123 621 4192 utique
640 4139 697 4177 econ
715 4123 873 4193 tutellepeus
959 4124 993 4176 24
1011 4126 1107 4178 outline
1188 4124 1288 4194 25'ego

161 4238 184 4276 s.
203 4222 220 4275 ι.
238 4240 272 4276 ιιι,
292 4224 340 4276 aec.
409 4223 442 4276 as
461 4240 581 4278 nomes
649 4199 765 4281 aa‘rsero
812 4216 867 4280 '31
886 4226 977 4297 unquis
1050 4228 1083 4280 aa
1099 4202 1288 4284 senserimus

166 4307 197 4374 V,
215 4306 410 4361 transferamini
428 4327 458 4377 o,·
476 4309 509 4362 ab
529 4326 559 4364 eo
578 4311 644 4366 edet.
664 4311 800 4366 Latinius
870 4313 940 4367 aliut¹
