2850 4754
516 369 557 422 De
576 371 667 422 sancto
685 368 831 422 Athanasio
849 367 916 421 liber
932 368 952 423 I.
1256 371 1295 434 87

173 560 326 638 poputum
347 558 517 623 uostruru?
560 561 590 620 et
615 559 757 625 mittunt·
774 561 801 621 et
831 562 1005 621 couuooout
1033 557 1156 639 repulus
1179 556 1296 620 clicui-

173 681 328 743 peuurum
349 666 378 724 ct
399 661 568 726 diuorum:
589 660 739 724 remittite
753 678 863 723 urceus
884 659 935 723 cu
949 658 1061 734 lsrael,
1084 663 1112 722 et
1126 658 1298 723 reducatur

174 765 212 828 iu
234 763 335 829 locam
356 783 459 848 suurn,
483 768 511 828 ct
531 783 598 827 uou
619 763 715 826 morti
736 762 825 827 dubit
847 781 905 826 uos
926 766 956 826 ct
972 761 1129 842 populum
1143 765 1297 839 uestrum,

175 868 251 949 quic
274 870 348 931 acto
370 870 416 930 est
436 867 576 948 coufusro
601 866 715 948 praecis
742 872 779 929 iu
800 866 931 930 ciuitate
952 869 1027 947 totu,
1055 865 1169 948 prauis
1190 863 1295 940 uuida,

152 973 211 1032 aur
231 969 371 1033 intrauit
393 989 470 1034 arou
491 969 543 1034 dci
564 968 618 1035 ibt.
641 972 670 1033 ct
685 969 741 1048 qui
762 969 963 1032 carebunt-ct
984 987 1048 1032 uou
1076 971 1151 1031 suut
1177 968 1296 1031 mortui

170 1072 314 1151 percussi
336 1075 412 1135 suut
435 1071 558 1135 sedibus
579 1071 656 1150 suis,
679 1075 708 1134 et
723 1071 862 1135 asceudr't
885 1070 1003 1135 clouur
1017 1071 1185 1135 ciuitatum
1199 1088 1297 1148 usquc

175 1173 217 1236 ac
247 1172 380 1238 caelum.
424 1172 531 1248 uides,
567 1172 746 1248 Constanti,
783 1172 937 1254 quomodo
972 1172 1054 1235 sinat
1083 1170 1161 1234 deus
1191 1170 1296 1233 noster

174 1275 371 1340 humiliatam
392 1275 495 1339 uideri
516 1275 701 1357 religionem
724 1293 813 1338 suam
844 1294 863 1338 a
883 1274 974 1338 uobis
998 1272 1181 1354 alienigenis
1205 1272 1236 1335 et
1259 1275 1311 1335 eo'

174 1378 301 1461 quidem
317 1395 416 1460 usque
431 1377 639 1453 humiliatam,
664 1376 761 1441 donec
786 1377 882 1441 etiam
896 1395 953 1440 uos
968 1376 1185 1457 persecutores
1200 1391 1295 1437 uerae

138 1492 161 1531 1⁰
172 1481 331 1562 religionis
354 1478 491 1545 uideatis
513 1498 572 1543 non
590 1498 658 1543 esse
675 1479 769 1543 deum
786 1477 882 1541 alium
896 1478 1020 1559 praeter
1036 1478 1129 1540 deum
1145 1477 1294 1540 nostrum.

214 1584 303 1648 XIII.
329 1582 392 1647 Sed
413 1583 450 1646 ut
470 1583 585 1645 iterum
601 1581 642 1645 ad
657 1579 821 1646 Athanasii
836 1579 965 1644 redeam
981 1598 1119 1653 oausam,
1144 1576 1296 1660 numquid

173 1705 233 1750 non
257 1686 380 1750 sciebas
403 1684 554 1765 scriptum
582 1683 613 1747 in
636 1685 816 1765 Regnorum
841 1683 921 1747 libro
945 1683 1060 1764 primo:
1094 1687 1123 1745 ct
1145 1680 1296 1746 Samuhel

172 1790 333 1853 ructuabat
355 1787 513 1869 populum
540 1786 646 1851 Israel
674 1788 711 1851 iu
739 1787 882 1851 omuibus
910 1784 1230 1866 sanctificatioribus,
1259 1783 1296 1846 ut

171 1889 389 1972 imperandum
411 1890 539 1971 putares
561 1908 617 1971 per
640 1889 758 1956 domini
773 1888 954 1954 sacerdotes
969 1887 1065 1950 fuisse
1083 1884 1294 1949 damnandum

136 2016 160 2055 15
171 1995 391 2058 innocentem?
427 1993 534 2074 legisti
565 1992 715 2056 Samuhel
749 1990 833 2074 quod
867 1991 900 2055 in
934 1990 1016 2054 omni
1046 1988 1294 2054 sanctificatione

170 2096 320 2160 iudicarit
341 2094 489 2176 populum
514 2094 580 2168 dei;
605 2095 637 2159 et
659 2096 733 2177 quia
754 2095 900 2158 nolumus
915 2094 954 2157 ab
969 2093 1028 2157 hac
1044 2091 1192 2155 recedere
1208 2090 1294 2154 iusta

172 2199 224 2262 uia
245 2197 415 2274 iudicandi,
450 2198 641 2279 perpetimur
671 2198 920 2279 persecutionem
950 2215 968 2260 a
997 2197 1039 2258 te.
1084 2214 1143 2258 non
1166 2213 1292 2269 nouum,

171 2301 294 2382 quando
327 2300 405 2366 Saul
440 2301 635 2381 persecutus·
656 2300 750 2364 fuerit
775 2300 893 2364 iustum
924 2299 1140 2374 Samuhelem,
1175 2315 1230 2360 our
1260 2296 1294 2360 ‘ei

170 2423 246 2468 uera
287 2404 415 2479 dixerit,
451 2402 632 2485 etquidem
656 2422 743 2480 eum,
776 2422 831 2484 per
864 2421 959 2484 quem
994 2401 1089 2465 fuerit
1121 2400 1152 2462 in
1185 2416 1293 2480 regem

134 2527 158 2566 so
170 2508 293 2581 meurs,
316 2525 371 2587 per
394 2525 488 2588 quem
511 2525 582 2570 euru
606 2506 749 2570 dominus
767 2506 805 2569 ad
821 2506 943 2569 tantam
957 2502 1135 2586 prouexerit
1149 2501 1292 2583 gloriam.

169 2609 415 2690 persequebatur
439 2608 514 2673 Saul
536 2607 652 2671 domini
675 2608 860 2690 prophetam
877 2608 971 2689 atque
988 2603 1195 2680 sacerdotem,
1220 2601 1293 2684 quia

169 2730 228 2776 non
252 2729 379 2793 compos
401 2710 497 2774 fuerit
518 2711 648 2784 mentis;
673 2710 749 2775 Saul
772 2710 910 2791 alioquin
926 2708 1080 2791 quomodo
1097 2725 1204 2787 sospes
1218 2723 1292 2786 per-

171 2812 353 2894 sequeretur
376 2830 447 2875 eum
471 2829 564 2892 quem
580 2812 675 2875 sciret
691 2811 741 2875 dei
753 2811 940 2886 ministrum,
958 2810 1010 2873 <lei
1023 2810 1134 2890 spiritu
1146 2809 1293 2889 plenum?

168 2914 415 2996 persequebatur
438 2933 510 2978 eum
525 2934 619 2996 quem
633 2914 749 2996 iugiter
763 2914 890 2994 propter
904 2911 1114 2993 persecutoris
1129 2909 1294 2992 ignorabat

132 3035 157 3076 u
168 3018 360 3100 ingemuisse
384 3017 527 3081 salutem.
564 3017 704 3099 loquitur
725 3018 758 3081 in
778 3016 859 3081 libro
881 3016 981 3098 primo
996 3017 1176 3097 Regnorum
1191 3012 1292 3093 scrip-

168 3119 241 3183 tura
256 3119 372 3183 dixisse
392 3119 551 3184 dominum
570 3120 610 3184 ad
626 3119 791 3184 Samuhel:
808 3139 965 3201 usquequo
980 3119 1065 3200 iuges
1086 3122 1122 3181 tu
1136 3119 1173 3179 a'u
1189 3114 1293 3180 Saul?

168 3241 232 3288 ecoe
254 3222 373 3302 capello
395 3223 498 3300 illum,
521 3245 560 3289 ue
581 3228 687 3306 repuct
714 3243 809 3305 super
831 3220 944 3287 Israel.
988 3220 1086 3302 imple
1113 3238 1213 3283 coruu
1241 3220 1293 3280 tuo

168 3323 230 3388 olco
251 3327 280 3388 et
300 3325 385 3402 ueur‘,
414 3326 540 3389 mittum
566 3330 595 3389 te
623 3326 660 3388 u'u
688 3325 777 3388 doure
805 3324 890 3388 Iesse
917 3343 1014 3405 usque
1041 3323 1079 3385 r'u
1100 3318 1295 3402 Rusuccuru,

168 3428 317 3507 quouimu
339 3427 412 3491 ur'dt
432 3428 469 3490 iu
490 3428 570 3508 filius
586 3427 670 3491 Iesse
692 3424 771 3491 mibi
785 3427 823 3491 iu
838 3447 949 3509 repara.
973 3430 1004 3491 ct
1023 3425 1108 3490 dicit
1122 3414 1291 3487 Suruubct:

271 3595 303 3647 12
321 3595 334 3648 Ι
350 3595 414 3663 ch.
434 3597 457 3657 7,
478 3596 510 3649 16
580 3594 613 3649 26
631 3595 667 3650 ib.
687 3597 727 3660 16,
747 3597 769 3650 1.
789 3596 805 3648 2

218 3765 478 3833 laligcnigenarum
555 3741 637 3834 4qui
712 3766 785 3819 5ibi
803 3783 853 3821 oru
872 3785 888 3821 o
968 3767 1000 3820 16
1019 3764 1086 3833 aa(h
1104 3782 1137 3818 ua.
1156 3764 1220 3830 rec.)

167 3852 198 3904 17
219 3852 288 3919 ate]
308 3854 337 3904 at
354 3851 403 3905 hoc
421 3852 486 3906 add.
506 3870 540 3906 ru.
558 3868 610 3906 rec.
629 3854 660 3905 iu
677 3869 727 3922 usp.
747 3858 772 3906 et
790 3870 806 3907 o
875 3853 952 3906 l9et
971 3851 1075 3920 quidem
1092 3850 1203 3918 scripsi,
1222 3849 1292 3916 equi·

167 3952 226 4007 dem
242 3955 281 4009 Vo
365 3953 446 4007 eoas
531 3954 719 4022 prbuexeritr·
735 3973 769 4009 ru
787 3960 850 4022 reo.)
937 3955 970 4007 22
989 3971 1093 4023 compos
1110 3953 1191 4006 fuerit
1209 3953 1290 4019 (corr.

165 4081 199 4119 ru
217 4065 283 4130 rec.)
367 4065 469 4132 quando
489 4068 571 4132 (corr.
589 4082 623 4117 ur.
641 4065 706 4131 rec.)
792 4067 1006 4133 persequaeretur
1087 4062 1120 4116 23
1139 4060 1290 4128 scire(ua.

165 4170 230 4235 rec.)
301 4174 358 4250 epm
378 4169 459 4233 (corr.
478 4184 511 4221 ur
531 4169 595 4234 rec.)
665 4166 902 4260 26usqnequando
922 4169 1095 4236 (corruel)
1165 4165 1198 4218 27
1217 4168 1290 4218 tuum

166 4303 181 4340 v
250 4286 285 4338 28
303 4285 435 4339 bethleem
