2850 4754
550 368 591 421 De
608 367 713 436 regibus
731 368 892 437 apostaticis.
1233 371 1281 442 15Ὶ

161 555 278 621 taram
300 557 442 638 deposta
464 560 539 620 cate
559 556 676 639 faciem
698 555 775 623 eius.
797 559 827 620 et
846 555 926 620 dabo
949 574 998 620 eos
1019 556 1055 619 ia
1077 574 1192 620 mamas
1214 555 1280 620 imi·

162 658 314 722 micormm
343 658 455 740 ipsias,
490 663 519 722 et
551 663 643 722 emor
676 658 713 722 im
744 657 951 738 direptionem
983 662 1011 720 et
1045 656 1279 721 conbustionem

161 761 304 826 ommibus
326 761 467 825 inimicis
489 781 606 840 eoram,
630 760 783 842 qaoaiom
798 760 935 841 proiecti
962 763 1038 823 samt
1066 760 1104 825 de
1126 763 1200 840 post
1221 779 1278 838 me,

160 866 303 927 eteromt
328 865 456 944 depost
484 884 532 927 mc
564 867 592 927 et
620 867 712 926 erant
738 863 955 927 exacerbantes
983 881 1041 938 me,
1076 882 1114 926 ea
1144 882 1208 942 qao
1229 861 1280 925 die

138 965 303 1030 teciermmt
319 968 430 1046 potres
452 985 558 1030 coram
579 965 617 1030 de
638 969 725 1029 terro
746 964 881 1048 Aepppti
903 984 999 1046 oseae
1022 965 1058 1028 im
1081 963 1164 1030 tame
1186 963 1279 1032 diem.

161 1071 302 1132 etcetero
313 1067 477 1132 morborum
494 1068 648 1132 Momasse
663 1070 693 1131 et
707 1067 905 1148 ommia-qaae
919 1066 1002 1149 fecit,
1019 1066 1280 1149 quemadmodem

155 1189 285 1250 peccora
306 1168 381 1248 fecit
396 1169 510 1252 Isroet,
534 1190 636 1234 mommo
651 1169 725 1235 doec
741 1169 862 1250 scripto
876 1173 953 1234 sart
966 1170 1002 1234 im
1017 1169 1098 1234 libro
1112 1169 1280 1234 aeriorem

160 1271 283 1335 dieram
298 1291 406 1354 repam
420 1272 508 1336 Iade
529 1275 559 1335 et
578 1272 837 1352 quemadmodem
860 1272 1049 1354 scapeiaem
1063 1272 1278 1337 immoceatiam

159 1374 246 1455 fodit
267 1374 401 1439 mattam
422 1375 525 1452 aeide,
548 1395 644 1457 usqne
665 1375 742 1439 dam
756 1375 900 1456 impiaret
914 1374 1113 1439 Hierusalem
1128 1394 1221 1455 saper
1235 1393 1278 1454 os,

127 1482 250 1540 1⁰eatro
280 1481 458 1558 peccatam,
489 1498 569 1558 qaae
594 1498 726 1560 peccare
753 1476 826 1558 fecit
853 1477 945 1561 Iacto,
980 1482 1015 1541 at
1046 1478 1162 1560 faceret
1196 1477 1279 1558 qaod

160 1579 339 1662 meliorarem
361 1583 408 1644 est
421 1581 458 1644 ia
473 1585 637 1662 conspecta
654 1580 778 1644 domiai
792 1581 867 1645 eici?
890 1584 920 1643 et
940 1580 1092 1645 dormierit
1107 1581 1279 1646 Monaeses

159 1683 397 1762 moc'potritms
418 1683 501 1764 sais,
520 1687 549 1746 et
570 1682 720 1764 reomoait
745 1682 833 1763 fitius
854 1681 923 1745 eins
944 1702 1008 1762 pro
1035 1702 1077 1764 eo,
1105 1702 1176 1746 emm
1204 1686 1279 1746 esset

160 1804 320 1848 errrorem
341 1786 462 1868 aipiati
484 1785 544 1849 dno
567 1785 673 1852 Amos.

202 1887 417 1968 vum-Qud
440 1887 529 1968 dicis,
554 1888 727 1965 Constanti,
752 1886 915 1951 adhaec?
938 1886 1032 1952 credo
1055 1886 1120 1950 iam
1136 1887 1278 1952 desinere

128 1990 191 2055 na
215 1990 338 2056 dicero:
373 1993 402 2056 si
430 2012 495 2056 moa
524 1993 596 2057 beree
626 2011 763 2074 onerem,
798 2011 863 2054 mom
896 2009 990 2055 essem
1024 1993 1112 2053 tomto
1141 1995 1278 2072 tempore

159 2114 314 2176 reponas,-
350 2097 475 2176 quando
506 2093 616 2158 uideas
645 2095 677 2157 et
706 2093 841 2158 alterum
868 2093 965 2158 istum
992 2093 1173 2157 Manassem
1200 2092 1279 2157 talia

160 2196 307 2278 egentem
330 2196 557 2279 quinquaginta
572 2198 692 2279 septem
709 2196 797 2261 anuis
812 2215 979 2279 regnassc;
1003 2197 1034 2262 et
1051 2195 1124 2278 quia
1143 2195 1278 2260 diximus

159 2298 190 2362 to
215 2297 351 2362 alterum
375 2318 444 2364 esse
466 2300 656 2378 Manassen,
681 2301 785 2365 omnia
806 2301 905 2383 ipsius
927 2301 959 2364 te
982 2301 1098 2366 habere
1122 2299 1277 2380 conspice.
1394 2360 1396 2364 .

159 2401 212 2465 ille
237 2400 269 2463 in
293 2401 344 2466 dei
368 2401 460 2466 domo
482 2403 698 2479 idololatriam¹
724 2404 896 2482 constituit,
924 2402 1058 2468 totidem
1085 2402 1153 2484 ipse
1175 2400 1279 2466 fecisti

124 2504 187 2568 ³⁰iu
210 2504 387 2586 templo'et
410 2504 540 2570 aedibus
565 2505 696 2580 domiui;
730 2505 784 2570 ille
807 2505 896 2572 idola
916 2505 994 2570 iecit
1018 2504 1150 2581 adorari,
1183 2522 1276 2567 usur÷

156 2607 246 2689 pauit
274 2607 346 2671 sibi
363 2605 447 2688 quod
477 2606 594 2672 domini
622 2608 795 2685 dicebatur,
830 2610 866 2672 ut
900 2608 1047 2689 deinceps
1075 2606 1145 2670 ¹dici
1178 2605 1278 2689 possit

156 2708 330 2784 idolorum3
355 2708 458 2774 omnia
479 2710 557 2773 haec
588 2711 619 2773 et
640 2710 675 2773 tu
698 2710 810 2787 fecisti,
835 2711 908 2793 quia
929 2710 1094 2774 numanam
1115 2710 1278 2773 haeresem

155 2812 359 2876 introduxisti
380 2812 411 2876 iu
436 2811 603 2876 ecclesiam
626 2813 658 2877 et
681 2813 733 2895 qui
756 2812 984 2895 blasphemiam
1005 2813 1093 2875 tuam
1115 2811 1277 2893 tamquam

156 2914 254 2979 fidem
291 2914 480 2978 catholicam
515 2915 655 2978 statuisti
688 2914 929 2998 suscipiendam,
962 2913 1051 2977 illam
1084 2933 1158 2978 uero
1193 2913 1277 2996 apud

116 3016 280 3081 ”Niciam
303 3017 461 3099 scriptam,
485 3036 579 3099 quam
601 3036 656 3082 nos
680 3018 796 3083 scimus
820 3016 1022 3099 apostolicam
1047 3019 1277 3100 euangelicam·

156 3138 227 3201 que,
252 3119 466 3202 despuendam
487 3119 656 3184 mandaris.
683 3121 720 3184 ut
740 3122 776 3184 tu
798 3139 877 3184 nunc
901 3121 978 3184 haec
1001 3119 1070 3184 fieri
1093 3121 1276 3204 concupisti,

155 3221 203 3285 ita
232 3223 264 3286 et
290 3221 456 3288 Manassen
484 3222 627 3287 omuibus
661 3222 754 3288 idolis
781 3222 980 3286 seruiendum
1008 3241 1076 3287 esse
1102 3225 1276 3303 mandauit,

155 3324 369 3388 recedendum
397 3344 472 3390 uero
502 3345 520 3389 a
554 3326 622 3390 deo.
674 3345 734 3391 uon
765 3344 838 3408 ergo
867 3325 926 3391 erit
954 3324 1132 3390 mirandum
1162 3326 1189 3391 si
1216 3326 1276 3389 tibi

156 3425 325 3490 uindicasti
349 3426 456 3505 aedes,
477 3447 554 3510 quas
576 3427 724 3510 colligere
748 3447 854 3492 sumus
878 3428 963 3493 soliti
985 3428 1036 3494 dei
1058 3429 1215 3511 populum,
1246 3428 1278 3509 et

115 3528 188 3604 Btte
222 3526 422 3593 idololatram
457 3528 562 3594 dixisti
597 3549 665 3595 esse
700 3530 905 3609 catholicum,
941 3529 1064 3612 quando
1099 3530 1209 3611 uideas
1244 3529 1277 3620 et

156 3630 338 3696 Manassem
359 3631 473 3696 iecisse
495 3632 581 3696 istud
609 3634 693 3715 quod
719 3633 755 3696 tu
777 3652 857 3697 nunc
873 3632 1001 3707 ieceris3
1026 3632 1070 3696 sic
1094 3632 1228 3714 denique
1245 3632 1277 3696 ot

156 3732 215 3797 tibi
236 3734 346 3815 parcet
369 3733 512 3800 dominus
535 3736 620 3799 mam
641 3736 761 3800 tenenti
782 3737 939 3814 Manassc,
970 3734 1125 3817 quomodo
1147 3734 1275 3818 illipe-

157 3837 295 3919 percerit
310 3838 342 3915 et
358 3857 519 3920 quousque
534 3838 718 3921 pepercerit,
741 3839 777 3902 ut
792 3838 944 3921 scriptum
959 3838 1000 3902 sit
1017 3837 1169 3916 dormisse
1179 3837 1274 3902 illum

208 4024 224 4075 9
244 4039 273 4076 os
291 4039 367 4091 super
385 4039 413 4076 os
432 4025 582 4091 Latinium
600 4023 686 4092 ccipe
704 4024 743 4084 εἰς
761 4024 847 4092 στόμα
859 4025 946 4078 LXX
1016 4025 1048 4078 10
1062 4024 1130 4095 quod
1141 4025 1207 4091 sort.

158 4108 191 4160 14
210 4108 254 4175 qui
331 4109 363 4162 16
383 4111 410 4162 et
427 4110 537 4177 scripsi,
555 4112 583 4162 te
605 4112 643 4164 Vo
729 4109 915 4182 22tidolorum]
935 4110 1102 4184 cultor-odd.
1123 4110 1209 4165 Goteti

155 4192 316 4248 haeresimo
385 4193 716 4263 aequanimitatis
784 4194 818 4246 24
836 4199 900 4263 aput
968 4195 1117 4266 29inquas
1130 4196 1277 4266 Latinius,

158 4293 206 4346 quo
218 4278 285 4344 sort.
355 4278 388 4331 30
405 4279 545 4333 idolatrem
567 4281 597 4343 V,
616 4280 785 4334 idololatram
802 4298 818 4334 o
