2850 4754
512 394 553 449 De
572 395 664 449 sancta
681 393 828 449 Athanasio
846 393 914 448 liber
929 393 950 448 I.
1234 397 1296 464 128

176 586 284 651 audite
298 605 380 670 erpo,
403 604 497 669 repes,
521 588 551 650 et
571 582 749 668 iutetlepita,
772 582 893 668 discite,
916 582 1036 647 dedices
1049 583 1167 664 riuum
1183 588 1294 666 terrae,

171 689 315 774 praebete
336 708 440 755 aures.
485 706 552 771 uos,
582 687 638 768 qui
667 686 831 752 ccutiuetis
853 685 1091 752 multitudinem
1113 691 1142 750 et
1157 687 1296 768 placetis

170 791 258 857 uobis
280 791 318 856 iu
334 791 435 856 barbis
449 791 636 870 uatiouum;
658 789 811 871 quomam
825 790 906 855 data
920 793 967 854 est
980 809 1001 854 a
1015 789 1143 854 domiuo
1156 794 1296 871 potcdas

170 895 259 961 uobis
281 899 311 960 et
332 895 437 960 uirtus
458 894 498 959 ab
520 893 685 976 altissimo,
715 893 772 974 qui
793 892 1000 977 iuterrcpabit
1020 913 1116 975 opera
1139 896 1246 957 uestra
1266 897 1297 958 ct

149 999 374 1082 scopitaticues
394 998 596 1077 scrutabitur,
626 997 716 1080 rapui
744 998 897 1079 quautam
925 1017 997 1062 cum
1025 997 1130 1062 essetis
1150 997 1295 1061 ministri

170 1102 246 1187 eius,
269 1121 335 1166 νον
356 1105 436 1167 reate
452 1101 620 1166 iudicastis
642 1120 739 1183 aeque
761 1100 944 1165 custodistis
960 1101 1056 1183 tapam
1076 1119 1174 1180 acque
1189 1117 1294 1164 secura

170 1204 245 1268 dum
267 1203 462 1270 uabmtateus
483 1206 535 1270 dei
556 1204 754 1271 ambulastis.
800 1205 955 1270 bor-rcude
981 1209 1010 1270 ct
1038 1204 1099 1269 cite
1128 1203 1295 1286 apparebit

170 1307 272 1386 uobis,
307 1309 459 1388 cucusam
485 1307 644 1373 iudicium
669 1308 878 1373 durissimum
911 1307 949 1372 iu
976 1307 1027 1371 tis
1058 1306 1115 1389 qui
1137 1310 1295 1387 praesuut

168 1410 231 1492 pict,
275 1411 389 1494 eaipuo
421 1411 506 1476 euim
540 1411 722 1476 conceditur
754 1410 990 1494 misericordia,
1019 1414 1162 1492 potcutes
1188 1413 1294 1474 autem

135 1517 309 1595 apotcuter
331 1518 487 1579 tormenta
494 1515 681 1596 patiuntur.
705 1532 772 1578 uou
786 1513 980 1579 subtransiet
995 1533 1168 1596 persouam
1189 1513 1293 1578 cuim·

168 1637 266 1698 auam
302 1617 449 1683 acutum
484 1638 540 1683 uec
576 1617 768 1684 reuerebitur
803 1617 1057 1701 mapuitudirtem
1094 1618 1293 1701 cuiusquam,

167 1721 319 1802 quoniam
341 1725 370 1785 et
387 1721 546 1802 pusillum
568 1726 600 1787 et
619 1741 771 1804 mapuuru
792 1721 860 1802 ipse
873 1720 956 1802 fecit,
979 1726 1008 1786 et
1022 1720 1201 1803 aequaliter
1214 1739 1293 1785 cura

168 1828 213 1889 est
234 1823 288 1887 ibti
308 1824 346 1888 dc
368 1825 522 1904 omuibus,
542 1825 730 1908 fortioribus
751 1829 856 1889 autera
877 1825 991 1906 fortior
1005 1826 1108 1889 iustat
1128 1825 1291 1891 cruciatio.

168 1930 212 1994 ad
233 1947 292 1992 uos
313 1948 395 2011 erpo,
419 1947 436 1992 c
458 1927 539 1992 maii
561 1929 706 2011 tyrauui,
727 1931 805 1993 suut
824 1947 982 1993 sermoues
1003 1928 1073 2007 mei,
1102 1931 1140 1992 ut
1160 1928 1293 1992 discatis

131 2054 155 2094 ss
168 2031 362 2111 sapientiam
383 2035 411 2095 et
435 2051 500 2096 uou
522 2032 684 2097 eacidatie.
728 2032 814 2109 tunc,
844 2031 871 2095 si
893 2031 1028 2096 necdum
1058 2049 1114 2096 nos
1144 2029 1291 2110 audieris,

169 2133 343 2211 Constanti,
372 2135 497 2199 uisurus
525 2154 606 2218 quae
635 2154 715 2199 nuno
744 2135 854 2200 uidere
882 2135 972 2199 uales
1002 2134 1129 2200 minime
1158 2153 1213 2216 per
1240 2134 1291 2199 in-

168 2236 389 2302 credulitatem
411 2239 516 2314 tuam;
540 2239 663 2304 uidebis
684 2240 770 2317 tuno,
794 2258 866 2303 cum
888 2240 970 2303 inter
992 2239 1198 2323 contyrannos
1219 2241 1292 2306 tuos

166 2339 264 2404 fueris
287 2340 469 2405 conlocatus
497 2342 530 2406 in
551 2341 609 2406 illa
629 2342 701 2408 locu
722 2343 959 2420 tormentorum,
990 2361 1050 2407 non
1079 2343 1180 2407 solum
1209 2343 1292 2424 quod

166 2442 283 2507 iniusta
307 2444 462 2508 amaueris
484 2444 611 2522 iudicia,
642 2444 698 2510 sed
728 2446 760 2509 et
788 2445 870 2526 quod
900 2444 950 2509 dei
980 2446 1107 2510 domum
1130 2445 1291 2511 destruere
1359 2474 1366 2481 ’

126 2546 315 2625 nouolueris,
339 2547 423 2629 quod
449 2548 580 2629 negator
610 2547 661 2611 dei
689 2547 747 2611 filii
770 2548 935 2626 exstiteris,
965 2548 1049 2630 quod
1078 2548 1168 2613 aliter
1194 2548 1292 2612 fidem

165 2649 343 2731 praedicari
365 2651 504 2715 sanxeris
525 2669 580 2733 per
601 2650 773 2715 minantem
794 2651 967 2732 potentiam
989 2651 1077 2714 tuam
1100 2670 1194 2733 quam
1215 2671 1291 2734 pro-

166 2755 280 2835 phetae
298 2756 329 2820 et
345 2754 478 2837 apostoli
492 2754 765 2836 praedicuuemnt.
790 2773 846 2819 nec
862 2754 979 2836 poteris
996 2754 1117 2819 dicere:
1139 2774 1207 2819 ucu
1220 2774 1291 2820 sum

166 2858 253 2922 iuter
278 2859 352 2924 ilios
385 2879 460 2940 quos
493 2859 639 2925 describit
665 2880 729 2941 per
758 2859 956 2926 Satuuaueru
984 2860 1118 2941 spiritus
1150 2863 1289 2942 sauctus,

167 2961 291 3044 quando
315 2963 426 3027 audias
450 2964 570 3028 dicere:
594 2965 638 3029 ad
658 2983 714 3028 uos
736 2984 818 3048 erpo,
842 2963 957 3028 amali
974 2964 1119 3047 tprauui,
1140 2967 1217 3028 suut
1230 2982 1291 3027 ser·

125 3087 153 3128 ss
166 3085 270 3130 moues
292 3068 363 3132 mei.

207 3169 357 3233 XXXIII.
387 3169 455 3235 Non
483 3169 600 3252 poteris
628 3169 736 3252 itaquo
766 3187 880 3251 negare
908 3169 941 3234 te
964 3170 1102 3235 omnium
1122 3188 1191 3234 esse
1213 3186 1290 3234 con-

164 3271 366 3355 tyrannorum
377 3272 504 3336 tuorum
514 3272 697 3355 principem,
714 3272 848 3337 simodo
863 3273 987 3354 penitus
1001 3273 1152 3337 intuearis
1164 3290 1291 3354 operam

164 3374 262 3439 tuam.
286 3375 461 3455 custoditio,
477 3375 579 3458 inquit
593 3376 754 3458 propheta,
771 3375 871 3458 lepum
884 3376 1084 3458 construatis
1099 3375 1290 3456 iucorrupti-

165 3479 236 3542 cuis
250 3482 303 3555 est,
319 3479 517 3560 iucarruptio
533 3484 639 3544 austera
653 3479 748 3560 faciet
763 3479 987 3561 teproaimsua
1007 3480 1072 3545 dcc.
1094 3480 1130 3542 tu
1145 3476 1290 3556 adhaec,

126 3581 367 3663 acerrumpitc,
387 3583 501 3664 inquis,
525 3584 576 3647 dei
592 3583 697 3667 tapam,
720 3583 756 3647 ut
778 3581 960 3664 corrupistis
982 3601 1049 3660 uos,
1072 3582 1290 3664 persecutores

268 3720 282 3773 1
302 3720 362 3788 Sap.
381 3721 406 3782 6,
426 3719 510 3773 1-10
579 3719 613 3773 28
630 3719 666 3775 ib.
685 3722 710 3784 6,
731 3719 763 3773 19

199 3840 215 3892 5
234 3840 409 3908 cogitationes
427 3839 587 3893 scrutabitur
609 3841 684 3909 regni
708 3841 792 3910 uulpo
816 3841 1005 3910 couiuupuut,·
1027 3839 1102 3924 regni
1124 3857 1185 3909 exp.
1208 3843 1291 3896 Lati·

164 3943 232 3997 uius
327 3942 505 4027 ihorrcndae
611 3943 642 3996 10
665 3915 802 4026 patirintur
818 3947 837 4010 (⁸
855 3961 890 3998 m.
907 3944 971 4010 rec.)
1067 3943 1224 4012 cuiusquev

165 4061 198 4114 12
214 4063 369 4131 pupillumu
439 4063 471 4117 18
488 4028 687 4130 illdlocdd'm.
701 4065 765 4130 rec.)
837 4063 869 4116 19
882 4063 978 4117 donum
1047 4063 1079 4118 21
1093 4066 1222 4149 sancxsris

163 4148 308 4201 minantem
327 4150 437 4218 scripsi,
456 4152 606 4203 manentem
623 4149 669 4217 Vc,
688 4149 820 4202 amentem
837 4149 975 4203 Latiuius
1044 4149 1077 4203 23
1089 4150 1210 4206 describi*
1230 4155 1245 4221 (⁸
1257 4171 1291 4208 m.

163 4237 227 4301 reo.)
319 4233 352 4286 27
371 4251 475 4303 operam
492 4237 566 4289 tuam
586 4239 667 4304 (corr.
686 4252 719 4291 us.
738 4236 802 4300 rec.)
895 4233 929 4287 28
946 4235 1037 4305 inquid
1054 4242 1122 4291 acl
1209 4240 1243 4293 30
1260 4242 1290 4293 ut

164 4320 341 4388 corrumpistis
454 4305 460 4317 ’
546 4308 552 4321 ’
