2850 4754
509 374 550 428 De
567 373 659 425 sanc'm
676 369 823 424 Athanasio
842 370 909 426 liber
924 371 958 427 Π,
1234 373 1294 439 199

179 561 257 627 onIm
278 561 447 642 utrumqne
475 559 565 638 facis,
595 560 768 639 Constanti,
798 559 872 642 quia
900 559 931 623 et
959 577 1067 624 seruos
1095 561 1162 624 eius
1183 579 1292 642 perse-

179 665 278 748 querIs
302 665 396 747 atque
417 663 569 728 interficis
592 664 625 729 et
645 664 748 746 ipsum
771 663 918 728 deserens
940 663 1033 727 idolis
1054 664 1087 728 te
1109 663 1293 745 mancipan-

179 769 250 833 dum
272 767 441 832 censueris.
487 785 543 831 cur
572 766 635 831 ista
661 767 755 849 geris,
789 766 848 831 nisi
878 767 951 849 quia
978 766 1037 832 tibi
1065 785 1124 831 non
1147 766 1294 831 inluxerit

177 871 277 954 gratia
300 869 352 934 dei
375 870 542 936 saluatoris
563 869 683 934 nostri?
727 869 754 933 si
783 869 865 934 enim
891 868 1066 947 inluxisset·
1095 870 1292 936 meminisses

156 972 310 1057 eapostoli
338 972 472 1038 dIcentis
499 973 753 1055 praeceptorum:
781 973 884 1039 uidete
904 974 1012 1054 itaque
1033 975 1184 1054 quomodo
1205 978 1293 1038 caute

177 1076 347 1160 mcccc,
371 1096 438 1141 eon
459 1077 553 1159 quasi
573 1077 769 1158 insipientes,
790 1078 844 1142 sed
865 1081 901 1141 ut
916 1077 1083 1161 sopientes,
1106 1077 1292 1143 redimentes

176 1185 305 1266 tempas
321 1181 399 1262 pata
412 1180 479 1245 dics
492 1180 574 1245 moli
587 1183 673 1245 scot
692 1184 862 1262 propterca
872 1180 970 1245 nolite
981 1180 1066 1262 effici
1077 1181 1291 1262 repedantes,

176 1283 226 1348 sed
253 1282 473 1366 inteilepcates
494 1302 576 1364 quac
602 1283 645 1347 sit
673 1283 822 1348 uolontas
848 1283 979 1349 domim.
1025 1283 1052 1347 si
1073 1282 1219 1348 uoluntas
1244 1286 1293 1349 ost

177 1386 291 1451 domiui
305 1385 483 1451 interficere
497 1385 706 1463 innocentem,
723 1385 938 1469 derelinquere
953 1386 1049 1450 fidem
1065 1387 1290 1469 euangelicam,

144 1489 288 1571 apoterit
309 1507 370 1554 non
393 1489 494 1555 solum
516 1490 595 1553 haec
618 1508 700 1571 pars,
724 1488 780 1553 sed
797 1489 829 1553 et
842 1489 945 1553 totum
959 1508 1072 1571 corpus
1089 1490 1292 1572 epistolarum

174 1592 257 1657 beati
280 1593 414 1674 apostoli
435 1593 500 1658 tuis
521 1593 730 1674 patrocinium
744 1593 894 1675 praebere
909 1593 1220 1676 praescriptionibus;
1244 1595 1291 1660 sin
1415 1641 1418 1645 -

175 1694 259 1761 fauet
279 1697 577 1779 praescriptionibus
598 1697 663 1761 tuis
685 1695 771 1760 nulla
792 1714 865 1777 pars
880 1713 1041 1759 sacrarum
1056 1697 1290 1779 scripturarum,

176 1801 222 1864 est
242 1800 316 1864 luce
338 1799 454 1864 clarius
482 1800 684 1865 manifestum
706 1801 738 1864 te
762 1800 819 1863 sub
841 1799 1041 1864 tenebrarum
1064 1800 1178 1881 degere
1199 1803 1290 1883 pote·

175 1903 271 1979 state;
294 1901 378 1968 unde
402 1903 434 1969 et
457 1904 602 1968 effectum
625 1903 675 1982 sit,
709 1904 745 1967 ut
773 1902 851 1967 nihil
879 1903 917 1967 de
946 1903 1045 1967 sacris
1067 1903 1291 1985 scripturarius

143 2005 484 2085 transcurrentibus,
514 2007 599 2088 quod
625 2007 658 2070 te
687 2006 842 2088 potuisset
864 2025 883 2070 a
903 2007 1000 2071 tantis
1021 2025 1183 2072 remouere
1204 2009 1290 2090 peri-

175 2109 261 2174 culis.
285 2109 313 2174 si
336 2109 418 2174 enim
440 2128 501 2175 non
524 2111 557 2174 te
578 2110 719 2192 potestas
741 2111 941 2175 tenebrarum
964 2112 1022 2176 sub
1045 2111 1094 2176 sui
1115 2111 1291 2195 redegisset

175 2211 300 2291 ditione,
328 2212 467 2295 proiecto
490 2214 642 2278 retineres
664 2232 745 2295 quae
764 2213 985 2295 Philippenses
1008 2214 1154 2279 audiunt:
1184 2216 1291 2279 coimi-

175 2318 288 2380 tatores
308 2316 370 2380 mcc'
393 2320 495 2398 estote,
517 2319 646 2399 fratres,
670 2321 700 2380 et
720 2316 878 2382 obseruate
899 2338 948 2382 eos
969 2319 1025 2399 qui
1046 2319 1093 2383 sic
1115 2319 1290 2399 ammiano,

173 2416 395 2484 enthecas
415 2418 554 2500 formam
581 2425 732 2486 nostram.
776 2420 871 2484 malti
898 2421 986 2484 euim·
1011 2421 1186 2505 ambulant,
1214 2443 1291 2504 quos

139 2529 263 2603 2⁰ouepe
283 2521 422 2587 decadem
442 2521 541 2601 sodis,
563 2542 650 2588 cccc
664 2527 770 2588 cutm
785 2529 815 2588 et
825 2523 905 2605 deos
922 2525 1001 2607 dico,
1024 2525 1172 2591 inimicos
1186 2529 1290 2593 erecc's

176 2625 306 2703 Christi,
329 2645 464 2708 qaorum
485 2625 562 2707 fiais
583 2631 628 2691 cst
649 2627 808 2709 dometius,
839 2647 973 2709 quorem
1002 2629 1078 2693 deus
1105 2633 1215 2694 neuter
1236 2635 1290 2710 est,

175 2731 204 2791 ct
221 2728 331 2811 picria
351 2729 389 2793 c'n
410 2730 594 2812 confescoac
616 2731 769 2811 ipsorum,
793 2732 849 2812 qui
872 2735 998 2797 terrena
1018 2733 1161 2815 captent.

212 2831 379 2898 XXVIIII.
402 2832 499 2898 Dicas
521 2833 623 2915 cupio,
651 2832 893 2916 prudentissime
915 2835 1095 2917 imperator,
1123 2836 1155 2900 in
1178 2838 1290 2919 quibus

175 2934 325 3002 debemus
347 2935 430 3001 effici
452 2937 666 3002 coimitatores
689 2938 832 3020 apostoli,
857 2938 935 3003 doce
959 2939 1113 3020 apostata,
1137 2941 1164 3005 si
1186 2942 1290 3006 homi-

132 3039 245 3104 acido
265 3039 326 3105 fuit
348 3040 517 3122 apostolus,
547 3041 574 3109 si
602 3040 814 3123 blasphemus,
844 3041 872 3107 si
901 3041 1104 3125 euangelicae
1133 3042 1209 3108 fidei
1229 3041 1290 3109 'do-

170 3143 317 3221 structor,
340 3142 368 3208 si
390 3144 579 3227 sacrilegum
601 3147 680 3210 hacc
696 3144 811 3209 etenim
834 3145 939 3210 omnin
954 3145 986 3211 et
1001 3146 1169 3229 antequam
1185 3149 1290 3214 credi·

172 3245 271 3312 disset
291 3246 324 3311 in
347 3246 474 3312 unicum
497 3246 549 3312 dei
570 3247 671 3312 filium
692 3247 807 3313 fecisse
829 3266 863 3313 se
885 3248 1058 3330 profitetur.
1082 3250 1117 3314 tu
1140 3270 1215 3316 uero
1238 3251 1290 3333 qni

171 3351 249 3414 haec
277 3348 356 3415 iacis
393 3350 486 3415 hodie
519 3368 601 3433 quae
628 3350 682 3416 ille
718 3350 789 3415 ante
818 3351 1009 3434 agnitionem
1036 3352 1122 3418 unici
1156 3353 1205 3417 dei
1232 3353 1290 3417 filii

171 3452 319 3531 foetebat,
349 3471 412 3535 qua
442 3453 483 3517 de
502 3472 538 3517 re
568 3472 663 3519 ansus
689 3453 778 3519 tristi
799 3453 909 3520 iubere
930 3455 1019 3521 nobis
1041 3455 1159 3520 domini
1181 3473 1289 3520 sacer-

132 3565 159 3606 ω
173 3554 307 3633 dotibus,
343 3556 377 3619 nt
403 3554 602 3620 innocentem
629 3556 919 3636 condemnaremus,
954 3558 990 3623 ut
1017 3557 1172 3622 haeresim
1199 3557 1289 3624 tuam

171 3657 378 3740 suscipientes
409 3657 615 3741 apostoIIcam
643 3656 740 3724 fidem
763 3658 1007 3743 despueremus?
1049 3660 1085 3723 tu
1108 3678 1170 3742 qua
1192 3660 1232 3726 ds
1254 3680 1288 3726 re
1340 3724 1341 3728 ,

170 3760 248 3825 haec
271 3759 340 3825 fieri
360 3761 550 3844 praecepisti
571 3779 653 3845 quae
674 3761 784 3829 contra
805 3763 937 3830 formam
960 3762 1093 3845 apostoli
1116 3763 1189 3828 sunt
1213 3781 1287 3846 pro*

274 3998 290 4051 5
308 3999 374 4068 spu.
393 3999 418 4064 5,
438 3999 538 4053 15-17
609 3999 640 4054 17
658 3999 727 4056 Phil.
744 4001 770 4066 3,
789 4002 889 4056 17—19

223 4202 255 4256 11
278 4203 321 4256 siu
339 4203 392 4272 (aa
407 4203 449 4256 siu
465 4203 527 4272 tiri)
552 4205 663 4273 resipui,
687 4205 759 4258 siuns
780 4206 811 4269 V,
834 4206 876 4259 sIn
897 4207 982 4260 miuus
1004 4223 1039 4275 o,·
1066 4208 1107 4262 siu
1128 4209 1214 4264 minus
1235 4209 1290 4266 nuc

170 4289 242 4345 coni.
259 4288 397 4343 Lotc'm‘us
466 4288 500 4342 30
517 4289 764 4360 condempnaromns
