2850 4754
129 374 192 440 272
619 369 767 427 Luciferi

131 581 291 627 summare
313 579 440 625 cursam
463 580 565 625 meam
595 564 625 624 et
647 562 861 626 ministeriam
888 561 977 627 nerii
998 562 1080 647 qnod
1102 562 1209 645 accepi
1230 583 1252 627 a

131 664 258 728 damma
285 664 396 728 testari
425 662 558 728 Indaeis
586 669 614 728 et
644 663 777 730 Graecis
805 664 1011 748 enanpeiinm
1035 667 1164 748 cratiae
1192 666 1252 731 dei.

132 771 161 831 et
182 785 269 832 nene
297 786 349 849 epa
377 767 441 831 scie
470 767 553 847 qnod
581 767 723 848 ampiins
752 787 818 832 nan
846 767 993 832 uidebitis
1013 767 1129 849 faciem
1151 789 1255 834 meam

133 889 189 935 nas
204 889 318 954 ornnes,
333 870 417 934 inter
430 889 505 952 qnos
513 869 741 951 perambniani
751 871 972 953 praedicanda
984 891 1117 955 reprmm
1129 872 1254 936 damini

135 973 218 1038 Iesn.
237 977 370 1054 propter
391 974 474 1054 qnod
495 977 648 1038 contestor
669 975 759 1039 nodis
781 975 935 1039 hodierna
956 975 1007 1039 die
1021 976 1101 1057 qnia
1115 977 1254 1041 mandas
1276 991 1287 1031 ⁵

133 1096 205 1141 snm
232 1097 254 1140 a
282 1078 440 1160 sanpmine
468 1079 619 1153 amnium,
653 1081 681 1142 et
711 1097 778 1142 nan
803 1079 1010 1159 praetermisi
1032 1077 1253 1160 praedicanda

135 1199 257 1246 omnem
279 1179 475 1245 natantatem
497 1181 557 1246 dei.
580 1181 737 1246 adtendite
759 1182 848 1246 nabis
869 1186 897 1246 et
919 1182 1007 1247 amni
1019 1182 1119 1265 prepi,
1143 1183 1181 1244 in
1195 1200 1256 1262 qne

135 1303 191 1348 aas
214 1283 349 1365 spiritns
370 1288 501 1349 sanetas
517 1285 628 1366 poenit
644 1285 803 1367 episcopas
824 1304 926 1368 repere
942 1285 1104 1350 ecetesiam
1119 1284 1254 1362 demini,

135 1406 233 1468 qnarn
255 1386 434 1468 adquisierit
455 1388 611 1470 sanquine
633 1407 699 1454 sao.
739 1406 792 1472 epo
814 1389 877 1452 scia
898 1389 976 1470 qaia
997 1388 1165 1453 intratnnt
1181 1391 1255 1469 past

135 1491 306 1555 discessum
329 1510 431 1556 meam
454 1490 524 1572 lapi
545 1511 660 1575 praees
681 1493 718 1556 in
739 1513 796 1556 nas
818 1512 884 1557 nen
900 1496 1068 1572 parcentes
1087 1492 1196 1574 crepe·
1219 1509 1290 1555 eno

136 1593 226 1659 nabis
247 1594 328 1676 apsis
349 1599 514 1678 easnrpent
536 1596 677 1660 homines
707 1599 737 1661 et
759 1597 927 1678 icqaentnr
943 1614 1109 1676 peruersa,
1137 1599 1176 1658 nt
1196 1588 1256 1659 ad}

136 1697 256 1762 dneant
277 1697 452 1780 discipulas
467 1702 545 1780 past
564 1719 604 1764 se.
646 1703 779 1781 prepter
806 1701 888 1781 qnod
916 1699 1049 1781 mediate
1070 1699 1255 1763 memoriam

139 1805 276 1866 tenentes
297 1804 374 1883 qaia
398 1822 458 1883 per
479 1803 659 1887 trienninm
684 1807 772 1867 nocte
799 1822 838 1867 ac
865 1803 916 1867 die
944 1823 1010 1867 non
1038 1803 1164 1867 cessant
1186 1822 1258 1867 cnm

138 1905 283 1970 lacrimis
304 1907 456 1970 manendo
477 1926 730 1989 nnnmeaempne
752 1911 901 1971 nestram.
925 1925 997 1972 oum
1012 1907 1089 1970 haec
1105 1904 1257 1969 mandata

137 2009 248 2074 uideas
272 2029 340 2074 esse
364 2008 507 2091 apostoli,
531 2010 606 2092 quid
628 2028 679 2074 me
700 2010 791 2076 iubes
812 2010 926 2089 faeere,
950 2030 988 2075 ne
1012 2009 1257 2074 contumeliosus
1268 2026 1292 2066 1⁵

140 2132 207 2177 esse
230 2114 339 2178 uidear
353 2114 432 2178 tibi?
454 2132 565 2195 nempe
580 2115 687 2177 tacere
701 2133 751 2179 me
776 2114 807 2177 et
829 2114 929 2180 sinere
951 2113 1051 2191 iubes,
1074 2113 1111 2176 ut
1124 2114 1161 2175 tu
1177 2129 1257 2175 unus

139 2235 177 2278 er
198 2216 261 2280 illis
282 2215 364 2298 lupis
388 2216 560 2299 designatis
581 2217 731 2299 grauibm
755 2218 866 2300 quouis
879 2217 972 2283 modo
987 2217 1140 2300 grasseris
1158 2216 1190 2279 in
1208 2214 1258 2279 dei

139 2337 277 2402 gregem.
300 2321 444 2385 uidemus
468 2340 524 2397 uos
550 2322 642 2404 lupos
665 2341 742 2404 quos
770 2322 1011 2404 praeostendere
1034 2320 1082 2385 est
1111 2317 1258 2401 dignatus

140 2423 267 2506 spiritus
295 2425 423 2491 sanetus
456 2446 512 2509 per
539 2446 597 2491 uas
632 2425 795 2491 electionis
824 2425 1000 2507 apostolum
1028 2441 1151 2490 omnem
1181 2416 1286 2486 eon?

139 2526 331 2609 prehendere
347 2528 475 2593 conatos
493 2528 543 2592 dei
558 2546 705 2611 gregem
729 2528 761 2592 et
775 2546 841 2605 nos,
859 2528 1021 2610 episcopos
1038 2545 1115 2609 quos
1131 2526 1259 2606 spiritns
1271 2539 1294 2578 2⁰

140 2630 268 2694 sanetus
298 2630 339 2695 ad
365 2631 536 2714 regendam
565 2632 616 2695 dei
645 2631 813 2697 eeclesiam
834 2630 1040 2706 constituerit,
1076 2628 1160 2711 quod
1183 2628 1261 2692 dicit

140 2733 252 2798 beatus
275 2733 444 2817 apostolus,
469 2735 617 2799 debemus
639 2734 698 2799 tibi
718 2733 792 2814 lupo
814 2752 953 2815 parcere,
985 2732 1134 2798 debemus
1157 2731 1260 2796 uereri

139 2836 230 2919 regni
250 2837 297 2900 tui
314 2837 501 2915 diademam‚
523 2837 665 2901 inaurem
688 2836 783 2901 etiam
807 2837 839 2901 et
861 2835 1085 2913 dextrocheria,
1109 2835 1261 2899 debemus

140 2941 279 3022 insignes
303 2960 380 3022 quas
404 2960 472 3006 esse
495 2959 604 3005 censes
626 2941 732 3005 uestes
761 2941 833 3005 tuas
862 2943 1013 3005 honorare
1045 2939 1076 3002 et
1099 2938 1260 3020 despicere

142 3062 246 3107 rerum
269 3045 442 3108 creatorem
466 3044 559 3126 atque
581 3044 758 3109 rectorem?
781 3044 850 3124 quis
873 3043 905 3107 te
919 3042 1135 3124 imprudentior
1152 3042 1210 3118 est,
1227 3041 1298 3104 uta

145 3146 248 3212 dices:
264 3147 423 3211 iniuriam
434 3149 544 3229 patiar
559 3168 580 3211 a
595 3147 753 3228 Lucifero,
769 3148 941 3226 imperator
956 3145 995 3210 ad
1009 3144 1134 3208 homine
1148 3147 1263 3226 epeno?

144 3271 200 3316 nee
225 3250 363 3333 dignans
387 3250 491 3315 dicere
514 3251 720 3332 abepiscopo,
743 3249 817 3330 quia
832 3267 901 3314 esse
915 3247 1008 3330 lupus
1023 3247 1119 3311 fueris
1137 3246 1261 3328 agnitus

146 3355 177 3419 et
198 3354 353 3419 merueris
371 3353 538 3437 repulsam.
567 3353 626 3418 tali
647 3353 765 3435 putasti
787 3371 838 3416 me
862 3351 1052 3417 onerandum
1073 3349 1203 3426 inuidia,
1227 3349 1263 3412 ut

146 3457 307 3522 adsereres
332 3455 383 3523 dei
404 3475 530 3522 seruum
552 3455 610 3520 tibi
631 3455 811 3538 imperatori
836 3454 975 3518 extitisse
991 3451 1261 3517 contumeliosum.

145 3560 172 3625 si
193 3561 285 3646 putes
307 3579 364 3626 nos
385 3558 560 3637 iniuriosos,
584 3559 691 3641 accipe
708 3558 784 3641 quid
798 3555 994 3639 responderit
1008 3554 1139 3637 principi
1158 3566 1300 3619 secer-³⁰

147 3662 255 3727 dotum
277 3663 451 3748 prohibenti
474 3661 654 3745 praedicare
673 3661 799 3726 unicum
822 3659 872 3724 dei
888 3659 989 3724 filium
1003 3657 1115 3722 beatus
1132 3656 1260 3721 Paulus

145 3764 321 3849 intendens,
352 3763 428 3827 dicit
457 3764 621 3845 scriptura,
653 3766 690 3829 in
721 3763 890 3840 comediam
913 3761 1039 3827 Pantms
1067 3760 1167 3824 dicit:
1194 3759 1263 3824 miri

247 3917 281 3970 32
297 3919 356 3972 Act.
374 3917 416 3981 23,
436 3918 502 3972 1-3

196 4075 258 4128 din
275 4074 484 4144 praedicandos>
580 4074 690 4143 9quem
792 4071 822 4124 12
840 4036 888 4138 post
985 4068 1109 4120 memoria
1128 4068 1197 4134 fort.

145 4161 178 4213 20
197 4163 306 4214 conatus
376 4161 489 4229 episcopi
501 4160 571 4213 corsi.
587 4158 758 4213 Gallandims
828 4155 860 4208 21
880 4153 1021 4224 regendam
1034 4154 1103 4207 coni.
1118 4154 1266 4216 Latinius,

144 4245 287 4314 gerendam
308 4247 347 4300 Vc
372 4288 374 4294 .
450 4244 615 4298 constitnerit
634 4242 702 4312 quod
720 4243 831 4311 scripsi,
857 4239 926 4309 quod
948 4238 1115 4292 constituerit
1138 4240 1174 4306 V;
1199 4236 1267 4307 quod

137 4348 188 4386 arr.
208 4349 226 4386 a
294 4330 331 4392 23
348 4329 499 4386 diademam
517 4335 571 4398 (am
589 4345 622 4384 ecc
641 4344 684 4383 em
701 4330 783 4394 corr.)
