2850 4754
512 402 553 456 De
572 404 663 456 sancte
682 401 828 455 Athanasio
846 400 914 454 liber
930 400 951 453 1.
1255 399 1295 464 89

167 610 307 670 peccare,
328 609 394 668 ren,
424 589 460 652 in
482 608 609 653 seruum
630 593 720 652 tuum
741 586 865 672 Dauid,
894 587 1047 668 quoniam
1069 607 1134 651 non
1150 591 1296 669 peccauit

170 693 206 756 in
228 697 267 775 te,
291 696 320 757 ct
341 691 431 772 facta
452 691 520 756 eins
542 690 624 755 bona
646 694 721 753 sunt
742 690 848 755 ualde.
871 694 900 754 et
915 691 1029 771 posuit
1042 690 1188 753 animam
1203 708 1295 753 suam

171 796 209 858 in
220 793 371 858 manibus
382 794 450 857 suis
466 797 494 857 et
509 792 623 857 occidit
633 791 857 874 alienipenam
874 792 986 873 etfecit
1001 791 1150 856 dominus
1161 791 1295 856 salutem

171 899 206 960 in
229 896 347 975 Israel,
371 900 401 960 ct
421 895 525 959 omnis
546 892 651 958 Israel
672 893 823 958 uiderunt
845 898 874 958 ct
895 894 1003 977 pauisi
1016 898 1100 959 sunt.
1123 898 1202 959 etut
1217 894 1295 976 quid

146 1018 158 1057 s
165 1017 276 1078 peccas
312 997 349 1061 in
385 996 574 1078 sanquinem
609 995 805 1060 innocentem
841 999 871 1059 ct
905 994 1040 1060 occidere
1075 994 1189 1062 Dauid
1224 997 1294 1060 sine

171 1101 293 1164 causa?
330 1104 359 1163 et
382 1098 509 1163 audiuit
533 1096 616 1162 Saul
638 1117 744 1162 uocern
767 1094 924 1162 Ionatlae
946 1097 1010 1178 filii
1027 1100 1089 1177 sui,
1119 1103 1147 1163 et
1169 1099 1296 1162 iurauit

171 1201 252 1266 Saul
266 1202 392 1266 dicens:
414 1201 498 1265 uiuit
511 1199 666 1278 dominus,
689 1199 719 1262 sl
733 1202 875 1262 mortuus
889 1199 988 1280 fuerit
1002 1197 1127 1282 Dauid,
1151 1202 1183 1264 et
1196 1198 1293 1264 infra:

169 1309 198 1368 et
218 1305 377 1371 adiectum
398 1307 443 1368 est
464 1300 578 1367 bellum
599 1303 681 1386 fieri,
705 1305 736 1365 et
750 1300 890 1365 inuoluit
905 1299 1020 1366 Dauid
1047 1306 1077 1366 ct
1098 1304 1295 1386 cupupnauit

170 1407 369 1490 alienipenas
391 1412 420 1471 et
436 1406 595 1487 percussit
607 1404 682 1469 illos
692 1403 796 1487 plopa
811 1423 938 1487 macno,
961 1409 991 1468 ct
1005 1405 1156 1488 fuperunt
1177 1427 1199 1469 a
1213 1405 1295 1488 facie

135 1531 156 1571 n
170 1509 294 1576 Dauid.
317 1513 346 1573 et
367 1509 472 1590 factus
493 1512 539 1572 est
559 1509 596 1572 iu
620 1505 700 1572 Saul
722 1506 858 1588 spiritns
880 1505 994 1586 malus,
1018 1512 1047 1572 ct
1069 1509 1187 1590 ipsein
1201 1511 1292 1575 domo

168 1632 228 1676 sua
250 1609 435 1694 dormiebat,
457 1614 486 1674 ct
507 1614 577 1674 erat
597 1609 635 1673 in
657 1629 757 1674 manu
779 1609 846 1674 ems
869 1610 988 1689 lancea,
1011 1616 1119 1677 eteccc
1134 1613 1295 1695 psallebat

167 1715 204 1778 in
227 1712 374 1777 manibus
395 1714 473 1776 suis.
507 1717 536 1776 et
557 1713 724 1794 quaerebat
746 1712 832 1778 Saul
855 1717 1018 1794 percutere
1046 1713 1158 1779 lancea
1180 1715 1294 1780 Dauid

167 1820 197 1880 ct
212 1817 380 1898 percussit,
402 1820 431 1879 ct
453 1815 627 1880 declinauit
649 1813 764 1879 Dauid
792 1836 813 1878 a
840 1815 923 1896 facie
946 1815 1038 1882 Saul.
1082 1821 1112 1879 ct
1135 1820 1295 1898 percussit

167 1919 278 1985 lencm
298 1919 336 1982 in
356 1919 517 2000 parictem,
548 1922 576 1982 et
598 1917 712 1984 Dauid
738 1918 824 2000 fucit
850 1923 879 1981 et
905 1918 1018 1982 saluus
1039 1919 1145 2000 factus
1165 1924 1219 1984 esc.
1264 1925 1294 1986 ct

130 2045 154 2085 1⁵
166 2022 289 2103 factum
317 2025 362 2085 est
382 2021 419 2084 in
440 2021 504 2086 illo
529 2025 628 2103 nocte,
660 2024 690 2084 et
717 2021 805 2085 misit
828 2020 908 2086 Saul
936 2021 1066 2086 nuntios
1094 2021 1137 2085 ad
1166 2022 1293 2088 dommn

167 2124 292 2210 Dauid,
320 2130 355 2189 ut
383 2124 576 2190 custodirent
605 2122 705 2199 illurn,
736 2143 796 2205 quo
825 2144 919 2188 manc
947 2125 1095 2189 occideret
1116 2123 1220 2189 illum.
1265 2131 1293 2190 et

167 2227 282 2292 Dauid
303 2227 386 2310 fucit
415 2231 444 2291 et
471 2226 585 2291 saluus
612 2228 718 2309 factus
745 2230 804 2291 est.
839 2232 868 2290 et
895 2228 985 2291 uenit
1011 2227 1054 2291 ad
1076 2226 1227 2291 Samuhel
1255 2229 1292 2292 iu

166 2330 354 2408 Armatlen‚
378 2334 406 2393 et
427 2330 631 2393 renuntiauit
650 2329 680 2392 ei
702 2329 812 2393 omnia
833 2350 914 2411 quae
933 2331 1010 2413 fecit
1024 2329 1114 2406 Saul,
1147 2329 1179 2394 et
1193 2329 1291 2395 infra:

167 2436 197 2496 ct
215 2434 322 2515 factm
342 2437 386 2496 cst
400 2433 505 2496 iratus
519 2433 556 2495 in
572 2431 736 2496 Ionatbon
752 2431 834 2497 Saul
849 2432 954 2517 ualde,
977 2432 1010 2496 et
1023 2431 1119 2497 infra:
1142 2438 1171 2497 ct
1191 2434 1292 2500 deut:

127 2536 254 2599 somitte
276 2535 361 2619 baec,
385 2535 492 2616 accipe
513 2535 668 2617 iuuenem,
692 2535 846 2614 quoniam
868 2534 959 2615 pilius
980 2536 1091 2599 mortis
1112 2539 1167 2600 est.
1197 2540 1225 2599 et
1247 2557 1292 2600 rc·

165 2638 295 2719 spondit
316 2637 478 2703 Ionatban
493 2638 587 2720 patri
607 2656 682 2701 suo:
715 2657 813 2718 quare
835 2638 994 2702 moritur?
1026 2638 1104 2719 quid
1132 2638 1232 2721 fecit?
1263 2645 1292 2705 ct

164 2740 293 2805 sustulit
324 2739 403 2805 Saul
432 2739 576 2803 lanceam
603 2741 640 2802 in
668 2738 850 2819 Ionatlrm,
880 2744 917 2803 ut
942 2741 1088 2804 occideret
1115 2762 1194 2806 eum.
1239 2743 1291 2807 cui

165 2843 309 2924 parceret
332 2842 418 2919 Saul,
441 2861 518 2906 uera
540 2843 600 2907 eibi
623 2842 739 2906 dicenti
769 2841 892 2924 quando
920 2861 976 2906 nec
999 2843 1065 2908 filio
1093 2846 1291 2927 pepercerit?

166 2946 211 3010 eic
235 2946 311 3011 estis
325 2946 562 3028 praetereuntes
580 2945 669 3032 <dei>
687 2945 837 3009 mandata
861 2946 953 3028 atque
976 2948 1083 3012 uestra
1105 2949 1289 3014 statuentes.

126 3071 153 3111 n
167 3049 300 3132 denique
329 3067 390 3113 non
417 3049 577 3127 miramur,
601 3049 637 3125 si,
666 3049 740 3130 quia
763 3048 893 3113 dicitur:
916 3072 982 3115 nou
1004 3057 1109 3133 potest
1135 3055 1289 3118 damnari

166 3151 284 3229 absens,
320 3151 437 3216 domini
459 3152 658 3233 persequaris
681 3152 872 3229 secerdotes,
903 3154 1027 3235 quondo
1056 3154 1221 3221 uideamus
1245 3157 1290 3221 sic

165 3255 262 3320 tuisse
291 3255 350 3319 deo
384 3253 573 3319 famulantes
605 3254 806 3337 persecutum
836 3254 922 3320 Saul.
965 3257 1104 3340 loquitur
1135 3260 1292 3344 scriptura

167 3357 292 3422 dicens:
308 3362 337 3422 et
351 3358 436 3422 dicit
450 3376 525 3422 reu:
547 3361 644 3421 morte
659 3358 814 3440 morieris,
832 3359 1021 3446 Abimelecb,
1045 3367 1073 3427 ct
1094 3367 1130 3426 tu
1144 3367 1174 3426 et
1188 3364 1291 3427 omnis

165 3461 277 3526 domus
292 3461 402 3542 patris
423 3461 482 3545 tui,
507 3461 539 3526 et
559 3459 657 3525 infra:
679 3465 708 3524 et
722 3463 806 3526 diruit
820 3483 877 3528 reu
890 3465 1071 3530 cursoribus
1087 3470 1116 3530 et
1130 3466 1288 3530 stantibus

128 3563 244 3628 sosibiss·
266 3564 413 3630 adducite
435 3569 463 3627 et
485 3565 615 3629 occidite
643 3565 817 3630 sacerdotes
838 3567 970 3649 domini,
998 3570 1151 3651 quoniam
1173 3588 1290 3634 manus

165 3687 272 3731 eorum
283 3686 354 3731 cum
364 3665 479 3733 Dauid
493 3671 547 3744 cst,
559 3669 713 3749 quoniam
729 3674 940 3752 copnoueront
950 3671 1033 3753 quod
1044 3670 1160 3736 Dauid
1169 3671 1292 3754 superet

164 3774 192 3832 et
213 3789 278 3833 non
299 3770 559 3851 decooperuerunt
581 3790 692 3835 aurem
713 3791 824 3837 meam.
848 3776 877 3835 ct
898 3773 1071 3838 noluerunt
1088 3775 1183 3855 pueri
1205 3777 1288 3858 repis
1399 3760 1404 3766 ’

164 3871 303 3953 inponere
324 3891 440 3936 luanus
462 3891 538 3936 suas
561 3873 714 3936 aduersus
737 3874 911 3938 sacerdotes
932 3875 1063 3940 domini.

265 4023 393 4092 81Reg.
414 4025 455 4088 19,
473 4025 566 4079 8-12.
586 4025 618 4079 18
689 4025 721 4080 18
739 4025 774 4079 ib.
787 4026 829 4089 20,
848 4026 881 4079 30
952 4029 984 4082 19
1001 4028 1038 4082 ib.
1055 4029 1098 4094 20,
1118 4028 1220 4084 31-33

165 4108 312 4173 osium,
332 4111 364 4163 16
433 4109 466 4162 29
484 4109 581 4174 ium,
601 4112 633 4164 17

214 4230 230 4282 5
247 4230 414 4309 innocentem
432 4247 516 4286 omo
619 4231 745 4302 occidere]
764 4234 804 4287 uis
822 4233 889 4287 add.
911 4236 938 4289 V
957 4251 979 4289 s.
1003 4235 1020 4289 l.
1038 4253 1072 4289 m.
1090 4253 1143 4290 rec.
1161 4241 1188 4290 et
1205 4253 1221 4289 o

164 4315 370 4370 21'morieturo
456 4317 507 4369 ‘24
530 4316 573 4371 dei
591 4318 658 4372 add.
681 4335 714 4384 m„
738 4335 792 4374 rec.
814 4321 845 4373 in
868 4336 920 4390 mp.
1023 4321 1057 4374 28
1081 4322 1223 4377 abimelech

164 4399 194 4453 31
214 4399 290 4454 duait
307 4405 347 4455 eet
364 4419 396 4456 rn.
414 4407 432 4456 1
1010 4429 1013 4434 “
