2850 4754
138 336 198 400 126
627 324 779 381 Luciferi

136 542 191 587 nos
214 522 330 585 retines
354 520 384 583 in
408 524 556 581 earcere?
601 534 657 579 our
686 514 787 579 mittis
816 512 857 577 ad
880 510 998 579 arilia?
1042 514 1103 579 nisi
1124 514 1191 598 quic
1209 514 1246 581 sie

136 628 278 689 metuens
308 644 345 685 no
374 642 430 685 unu
459 621 549 702 lupos
573 620 722 683 Arrianos
744 634 877 699 rapaces
899 634 997 683 canes
1018 616 1148 683 rabidos
1167 620 1249 701 atque

135 728 336 793 antichristus
360 746 429 789 osso
452 722 602 805 teunporis
626 721 723 785 nostri
746 718 987 785 manifestemus
1002 721 1251 787 sacrisrenelan-

135 835 220 897 tibus
243 830 416 911 seripturis.
452 846 561 891 sacrae
579 825 660 888 enirn
678 825 852 906 scripturae
866 823 1003 907 probunt
1015 842 1078 889 uos
1092 843 1130 889 ex
1144 825 1253 889 acubus

135 937 249 1001 uostris
273 954 332 998 non
357 951 425 995 osse
450 932 499 994 clei
524 947 642 997 seruos.
668 928 723 991 sed
747 928 838 1010 plene
860 926 945 993 filios
967 926 1100 995 diaboli.
1133 928 1282 995 sienim⁵

134 1060 194 1105 non
219 1058 252 1103 es
276 1056 355 1101 nornine
379 1056 415 1099 er
438 1035 511 1101 illis.
536 1052 614 1115 quos
636 1033 718 1096 teles
741 1032 864 1097 susurros
878 1048 991 1097 sacrae
1006 1031 1254 1113 clamanteerip·

134 1147 233 1209 turae.
247 1160 319 1205 eorm
333 1141 482 1220 scripturn
496 1136 653 1201 inueneris
666 1136 696 1199 in
710 1134 842 1201 CXXXI
855 1134 994 1217 psalmo:
1007 1156 1116 1220 eurpc,
1129 1136 1255 1217 domiue,

133 1250 327 1327 inrequietis
351 1248 448 1317 locutu,
478 1246 514 1304 tu
536 1246 563 1303 et
587 1260 666 1303 orco
687 1239 954 1320 coedificationie
977 1242 1064 1325 uae,
1094 1242 1255 1307 ammeca

134 1350 184 1412 tui
195 1348 377 1411 tondeantur
392 1346 560 1421 iustitiam,
577 1362 633 1407 onir
646 1343 788 1407 damnari
803 1342 923 1407 anobis
935 1343 1104 1409 absentem
1114 1344 1255 1411 uoluisti?

136 1452 221 1514 certe
239 1450 278 1512 acl
293 1451 351 1512 hoo
368 1448 403 1510 nt
419 1448 580 1512 iustitiam.
605 1466 700 1529 quani
722 1465 778 1511 nos
792 1446 939 1511 indueret
953 1444 1112 1525 dominus,
1137 1448 1283 1513 amitto-¹0

135 1571 251 1617 remus.
297 1570 367 1613 ounn
393 1551 472 1614 enirn
498 1551 599 1614 dicut:
622 1552 795 1617 secerdotes
816 1550 865 1613 tat
887 1550 1073 1616 induuntur
1094 1552 1255 1631 musam,

138 1655 170 1719 ot
191 1656 226 1718 tu
248 1655 435 1719 iniustitiam
459 1674 514 1718 nos
538 1673 688 1735 urgueres
711 1654 825 1733 iacere,
848 1654 926 1737 quid
949 1654 1038 1719 aliud
1060 1674 1212 1733 essemus,
1233 1653 1256 1719 si

135 1758 321 1823 fecissemus
344 1759 427 1840 ‹pirod
450 1760 523 1821 tinae
551 1758 786 1823 nneliuolontiee
815 1758 920 1822 inerat
947 1758 1063 1837 uisum,
1095 1758 1157 1825 nisi
1186 1776 1254 1823 oon·

136 1862 282 1926 scelerati
305 1863 362 1927 tui.
388 1863 444 1925 nisi
468 1862 565 1925 totius
588 1862 764 1943 iniquitatis
779 1862 904 1927 fontes?
925 1862 959 1926 hi
974 1862 1111 1940 scilieet,
1135 1862 1189 1945 qui
1203 1862 1254 1926 (le-

134 1968 284 2047 ponontos
296 1966 435 2029 iustitiae
448 1965 586 2029 olliciunn
594 1964 777 2043 iniustitiae,
790 1965 889 2029 uttibi
896 1965 1109 2048 placeremus,
1122 1984 1255 2032 essemus
1264 1984 1283 2025 s

135 2070 319 2151 suscepturi.
337 2068 533 2149 persequeris
547 2067 597 2130 dei
611 2068 748 2134 domum.
766 2067 938 2145 Constanti,
954 2068 1149 2150 ignoranete
1160 2069 1254 2152 ipsum

136 2172 230 2236 deum
252 2171 397 2253 persequi
420 2172 451 2233 in
476 2171 568 2234 donno
593 2172 675 2245 oius;
700 2172 811 2235 donnus
834 2170 950 2235 etenim
974 2169 1027 2235 dei
1050 2172 1102 2237 est
1116 2171 1253 2247 ecclesie,

134 2275 165 2338 in
190 2294 252 2357 qua
275 2276 323 2338 est
345 2274 523 2338 inhabitans
548 2274 702 2342 dominus,
730 2275 814 2339 sicut
836 2272 987 2355 seriptum
1017 2273 1068 2338 est
1094 2275 1128 2338 in
1151 2274 1255 2341 eodem

133 2376 270 2457 psalmo:
293 2379 383 2460 clepit
405 2380 553 2443 (leoninus
576 2379 665 2457 Stoa,
683 2379 858 2461 proeolepit
879 2398 949 2441 eum
970 2378 1008 2443 in
1030 2376 1254 2445 habitationem

133 2481 202 2545 suo.
216 2481 290 2545 hoec
301 2483 421 2563 requies
432 2502 502 2546 naeu
514 2484 550 2546 ia
562 2485 723 2548 saeculum
735 2484 862 2559 soeculi,
875 2481 925 2545 laio
936 2480 1094 2560 habitabo,
1108 2481 1255 2563 quonium
1265 2496 1285 2535 a

127 2584 289 2666 proeelepo'
311 2606 390 2650 eum.
428 2604 501 2648 eum
524 2588 601 2649 heeo
624 2586 731 2667 itaque
755 2585 826 2663 sint,
850 2584 951 2648 temet
972 2582 1077 2665 puniri
1099 2585 1252 2668 conspice,

134 2687 258 2767 quando
283 2688 418 2770 aliquem
441 2690 617 2754 nostrorum
640 2690 741 2771 punis,
771 2689 859 2751 tuem
886 2688 920 2752 te
943 2687 1080 2752 salutem
1102 2685 1254 2770 persequi,

133 2791 258 2871 quando
283 2791 326 2855 sis
356 2794 414 2857 deo
443 2810 631 2875 repugnans,
667 2810 725 2856 non
755 2810 820 2867 noe,
853 2791 884 2854 in
915 2809 992 2872 quos
1023 2790 1136 2857 audies
1167 2790 1256 2855 deum

135 2892 239 2957 (licere
269 2894 352 2975 quod
382 2897 464 2960 onim
488 2897 632 2978 dignetur
654 2895 861 2977 requiescere.
907 2896 943 2958 tu
967 2912 1041 2977 ergo
1065 2893 1120 2977 qni
1142 2892 1257 2975 templa

135 2994 252 3057 domini
267 2996 403 3078 temptes
419 2999 548 3077 uiolare,
572 2999 678 3064 uisite
695 2998 896 3076 conuertens,
922 3017 958 3062 eo
976 2997 1131 3080 disperiet
1146 3012 1256 3080 genere
1267 3006 1288 3049 ὅ

134 3114 195 3177 quo
217 3096 274 3173 illi,
299 3097 337 3160 de
361 3100 473 3180 quibus
498 3101 575 3165 dicit
596 3101 700 3167 Dauid
722 3101 754 3164 in
775 3101 897 3183 psalmo
923 3100 1086 3167 CXXXV:
1110 3104 1168 3183 qai
1183 3119 1256 3183 pcr-

139 3200 237 3263 ousso't
257 3200 435 3281 Aeppptom
458 3222 528 3266 oum
545 3206 729 3285 primitiam
752 3224 871 3283 eorum,
899 3205 1050 3285 quoniam
1072 3204 1257 3271 insaecula

132 3302 353 3367 misericordie
375 3305 453 3386 eius,
477 3311 504 3369 et
526 3309 636 3371 adesit
657 3308 761 3371 Israel
784 3307 944 3372 demedio
966 3326 1080 3389 eoram,
1106 3308 1256 3389 paeoniam

134 3405 352 3471 insuentium
375 3408 593 3473 misericordie
616 3411 691 3474 otoo.
732 3410 788 3490 qui
815 3410 928 3474 diuisit
955 3430 1043 3474 intera
1065 3409 1256 3474 retraetata

134 3507 334 3587 diuisionem,
357 3511 509 3591 quoniam
531 3513 568 3576 ia
589 3514 751 3577 soeculum
769 3512 992 3576 misericordie
1006 3512 1083 3593 etos,
1106 3516 1136 3576 et
1150 3517 1255 3576 troas·
1267 3520 1288 3562 ³⁰

132 3607 225 3673 duait
246 3611 350 3677 Israel
366 3632 428 3694 per
450 3613 589 3676 medeam
611 3614 687 3690 etue,
716 3614 867 3694 quoniam
888 3615 925 3677 ia
947 3613 1110 3677 soeculum
1130 3612 1253 3679 mmeri-

235 3794 310 3849 lPs.
330 3795 387 3858 131,
407 3796 430 3849 8.
449 3797 465 3849 9
535 3797 567 3850 19
585 3797 630 3850 Ps.
650 3797 707 3860 131,
727 3798 767 3852 13.
787 3798 819 3851 14
889 3799 922 3852 26
940 3798 983 3852 Ps.
1004 3798 1062 3861 135,
1083 3798 1184 3851 10-15

184 3996 345 4053 learoerem
414 3968 480 4055 elliu
553 4002 724 4057 irebidoeos
741 4022 765 4072 v,
784 4004 901 4059 rabiosos
919 4006 1056 4059 Latinius
1125 3976 1253 4073 ⁴iprobilt

131 4104 151 4168 (¹¹
168 4120 203 4158 m.
220 4107 284 4171 reo.)
355 4102 496 4158 toxxxr
512 4106 595 4173 primo
676 4105 707 4158 lo
726 4122 810 4174 queo
879 4108 912 4160 20
931 4106 1038 4160 abitabo
1113 4107 1145 4160 21
1165 4071 1254 4188 punire¹

130 4221 146 4292 (¹
164 4240 198 4277 aa.
216 4227 281 4293 reo.)
352 4223 385 4276 22
402 4225 478 4292 ponis
546 4225 580 4278 25
599 4195 723 4309 disperles
743 4228 773 4291 (⁸²
789 4243 822 4281 aa.
841 4230 905 4294 ree.)
