2850 4754
408 426 450 481 De
469 442 523 481 nen
540 424 670 497 parcendo
688 427 717 480 in
735 425 812 481 deum
830 425 1050 496 delinquentibus.
1230 428 1290 494 241

172 617 247 682 olum
267 614 349 682 eclot
368 616 470 683 celum
492 615 578 700 lepis,
600 621 715 698 ruptus
736 619 779 681 est
802 615 845 680 od
867 615 997 681 coelum.
1021 616 1186 697 Auuueas,
1207 617 1291 681 Aru·

171 721 239 786 rios
253 725 282 785 et
297 719 441 786 Misoml
455 721 610 786 crocleutes
626 720 752 786 leuati
765 724 842 785 suut
862 720 900 785 dc
921 719 1065 800 flammo.
1091 717 1234 784 Dauilol
1255 720 1292 783 iu

171 842 230 888 suu
251 825 457 906 simplicitate
478 822 630 889 toleratus
652 824 755 890 estole
777 844 838 889 orc·
855 812 988 888 leonum.
1026 827 1054 888 et
1082 823 1130 887 ito
1158 822 1292 906 copitotc

168 947 226 1009 per
245 930 480 1012 permotionem
502 932 532 993 ct
553 929 800 1013 pcucrotiouem,
834 928 913 1009 quio
942 946 1048 992 omues
1076 927 1133 1008 qui
1160 928 1292 1007 sperant

145 1032 206 1099 siu
229 1051 299 1097 cum
321 1051 386 1096 mou
407 1032 667 1115 infirmabuntur.
705 1036 781 1097 ctu
808 1030 912 1096 uerbis
933 1030 1001 1094 uiri
1015 1030 1198 1113 peccatoris
1226 1047 1291 1092 uon

170 1134 358 1214 timueritis,
386 1135 464 1216 quio
485 1133 592 1217 plocio
615 1134 683 1199 eius
704 1134 741 1198 iu
763 1137 894 1199 stercore
916 1136 947 1196 ct
966 1151 1092 1197 uermes.
1128 1131 1216 1195 lodic
1237 1150 1290 1195 eu-

171 1237 302 1318 tollitur,
337 1257 409 1303 oros
439 1257 504 1302 uero
532 1238 723 1320 iuueuietur,
757 1237 835 1319 quic
857 1254 1027 1301 conuersus
1048 1238 1094 1299 est
1113 1235 1151 1299 iu
1173 1239 1291 1299 terrum
1404 1313 1410 1328 Ι

168 1359 262 1405 suom
283 1345 315 1405 ct
336 1341 483 1426 copitotio
506 1341 574 1405 cius
590 1340 719 1424 peribit.
757 1339 832 1422 ulti,
856 1338 1082 1419 confortamini
1104 1342 1290 1420 clproeuo-

168 1442 225 1508 lelc
247 1444 283 1507 iu
306 1443 379 1527 lepc,
401 1446 479 1527 quio
500 1446 538 1509 iu
559 1446 634 1526 ipsu
654 1444 784 1528 pluriosi
798 1443 897 1508 critis.
922 1446 951 1507 el
964 1461 1028 1507 cccc
1043 1441 1177 1525 Symeon
1191 1443 1292 1525 frater

130 1570 155 1610 ιο
167 1553 284 1632 uester,
318 1549 383 1614 scio
404 1551 488 1632 quod
509 1551 564 1613 uir
585 1549 713 1614 consilii
735 1552 799 1630 est,·
834 1547 927 1612 illum
958 1548 1081 1631 cudite,
1115 1548 1183 1629 ipsc
1204 1546 1292 1610 uobis

162 1657 259 1735 poter
280 1653 349 1719 erit.
387 1656 416 1716 ct
438 1652 541 1716 Iuelus
563 1649 782 1717 Moclolucus
811 1651 906 1728 fortis
933 1652 1058 1716 uiribus
1086 1672 1107 1714 a
1128 1651 1292 1714 iuuentute

166 1776 227 1820 suo
249 1756 292 1820 sit
313 1756 400 1821 uotis
420 1755 619 1838 principalis
640 1755 791 1833 militiae,
825 1759 855 1818 ct
882 1755 1076 1837 ecpupuolit
1102 1752 1226 1818 bellum.
1263 1754 1293 1815 ct

168 1859 329 1924 adducetis
351 1859 395 1924 cd
416 1879 471 1924 uos
494 1879 599 1924 omues
621 1859 757 1940 foetores
779 1859 856 1942 lepis
878 1862 907 1923 ct
928 1859 1090 1924 uiuclicote
1112 1856 1290 1920 uiuclictom

162 1962 278 2045 populi
299 1963 407 2044 uestri,
430 1962 594 2026 retrrlouc'te
615 1962 851 2026 retributionem
872 1962 1016 2044 pentibus
1038 1965 1065 2024 ct
1087 1959 1240 2023 intendite
1255 1958 1291 2021 iro

130 2071 368 2148 1sproeceplum
395 2065 480 2149 lepis.
518 2066 643 2148 quando
671 2065 777 2147 itaque
807 2063 917 2129 uideas
939 2064 1017 2128 talia
1038 2062 1208 2146 praecepta
1231 2060 1289 2125 de-

168 2168 252 2234 disse
269 2168 343 2234 filiis
367 2169 399 2232 et
422 2188 460 2233 ea
480 2169 648 2233 mandasse
671 2168 741 2233 fieri
763 2187 843 2250 quae
868 2168 963 2232 etiam
985 2167 1096 2233 fecerit
1116 2167 1193 2249 ipse,
1217 2185 1290 2231 cum

169 2271 280 2336 doceat
309 2272 353 2336 sic
381 2272 577 2354 patriarchas
605 2272 773 2354 prophetas
802 2271 834 2336 et
862 2272 991 2336 cunctos
1018 2272 1118 2335 iustos
1142 2270 1200 2335 deo
1222 2271 1289 2353 pla-

167 2375 280 2452 cuisse,
305 2374 380 2458 quid
402 2394 468 2452 nes,
490 2376 526 2439 tu
547 2375 723 2452 tenebrose,
746 2394 785 2439 ne
807 2375 865 2439 tibi
881 2375 1081 2440 contumaces
1099 2373 1289 2458 uideremus,

166 2478 312 2542 uolueras
341 2476 466 2543 lacere?
503 2479 748 2543 cessissemusne
777 2478 835 2543 tibi
864 2480 986 2542 mortue
1014 2478 1095 2555 uiui,
1132 2477 1182 2541 dei
1205 2478 1289 2542 serui

131 2599 155 2639 so
167 2580 297 2647 satelliti
321 2579 445 2660 diaboli,
470 2601 543 2647 oum
565 2601 675 2646 cernas
692 2582 788 2646 istum
805 2581 992 2646 Matathiam
1009 2580 1113 2645 dicere
1130 2581 1170 2644 ad
1185 2581 1289 2645 filios?

166 2689 195 2748 ct
215 2686 264 2748 ito
286 2687 417 2766 copitotc
433 2675 495 2769 'per
515 2687 748 2770 peucrotioucm
769 2690 798 2749 et
818 2687 1063 2770 permotionem,
1086 2687 1164 2768 quio
1184 2705 1289 2749 omues

166 2789 220 2869 qui
241 2792 375 2869 spuunt
394 2789 431 2853 iu
452 2809 523 2854 eum
545 2809 609 2854 ucri
630 2789 890 2872 infirmabuntur.
914 2793 944 2853 et
964 2810 985 2853 o
1006 2789 1110 2852 uerbis
1131 2789 1200 2851 uiri
1208 2807 1285 2869 pec-

166 2891 283 2955 catoris
305 2911 370 2955 uou
393 2892 574 2973 timueritis,
598 2892 676 2974 quio
697 2891 802 2976 pluria
824 2893 891 2957 eius
908 2893 945 2956 iro
960 2896 1090 2958 stercore
1112 2895 1142 2954 ct
1155 2910 1285 2956 uermes.
1414 2950 1420 2963 ,

166 2990 257 3058 lodic
278 2994 450 3078 extollitur,
483 2999 605 3060 morus
627 3015 692 3060 uou
713 2996 907 3072 iuueuietur,
942 2995 1018 3077 quio
1046 3016 1213 3061 conuersus
1245 2998 1290 3061 cst

132 3096 202 3159 siu
231 3099 349 3160 terrum
382 3117 474 3163 suom
506 3103 534 3162 et
563 3100 709 3182 copitotio
738 3100 805 3165 eius
826 3099 953 3181 pcmlrit.
993 3119 1032 3162 ne
1061 3098 1119 3163 tibi
1148 3099 1288 3164 iniuriosi

166 3199 340 3278 uideamur,
364 3218 530 3282 parcamus
552 3200 611 3265 tibi
634 3200 685 3265 dei
705 3200 832 3266 domum
849 3202 1031 3276 destruenti,
1053 3202 1111 3267 tibi
1127 3204 1180 3284 qui
1195 3202 1287 3268 hodie

166 3304 209 3368 sis
233 3304 266 3367 et
288 3320 359 3369 cras
382 3303 443 3368 eris
464 3304 496 3367 in
519 3323 643 3368 uermes
668 3305 699 3368 et
714 3305 862 3383 stercore,
888 3305 919 3369 et
934 3305 1012 3368 hanc
1027 3305 1189 3368 trahamus
1205 3303 1287 3386 apud

167 3405 261 3470 deum
284 3392 442 3483 elisaeam,
467 3425 527 3488 quo
549 3407 655 3470 tecum
676 3425 855 3471 mereamur
876 3407 978 3490 redigi
1001 3406 1041 3470 ad
1063 3407 1214 3470 nihilum?

207 3509 293 3574 XVI.
318 3509 479 3592 Cognosce
502 3511 684 3592 posthaec,
708 3510 782 3593 quid
805 3511 900 3576 etiam
922 3511 979 3575 filii
1000 3510 1173 3574 Matathiae
1195 3509 1287 3574 istius
1325 3545 1327 3549 ν

130 3611 396 3694 ureligrosissimi
424 3612 572 3692 fecerint,
608 3614 635 3679 si
656 3613 820 3678 timuerint
842 3614 1058 3679 concarnificis
1080 3613 1126 3676 tui
1148 3630 1285 3692 manum,

166 3715 193 3778 si
223 3716 394 3780 exercitum
422 3716 508 3780 illius
537 3716 609 3780 ante
639 3716 746 3781 oculos
779 3715 944 3781 habuerint
973 3717 1004 3780 et
1033 3734 1093 3779 non
1127 3714 1286 3780 dominum

268 3954 299 4008 21
319 3955 333 4008 1
349 3955 435 4010 uass
453 3955 478 4022 ν,
497 3955 600 4010 e1-ce

156 4183 162 4198 0
215 4162 307 4229 iqui*
331 4165 352 4231 (s
371 4163 453 4227 cros.)
533 4161 682 4214 tatemere
700 4159 770 4214 coni.
791 4157 961 4212 Gallcuotius
1039 4159 1112 4215 8fili
1193 4163 1225 4217 13
1242 4166 1288 4220 ad-

164 4246 260 4301 ducitis
369 4246 403 4300 20
420 4245 561 4300 matthiam
669 4244 703 4298 23
721 4245 842 4313 stercore]
862 4244 916 4297 eius
935 4243 1001 4300 add.
1104 4248 1136 4301 27
1156 4251 1220 4318 aput

164 4332 198 4386 29
215 4333 346 4387 matthiae

214 4435 295 4493 XIIII
442 4522 446 4532 Ι
1149 4437 1181 4493 16
