2850 4754
447 434 451 441 -
494 395 660 450 Moriendum
677 412 734 449 esse
751 411 797 463 pro
817 394 859 447 dei
878 393 940 447 lilio.
1216 392 1278 459 299

159 585 303 651 ommibus
326 606 405 667 quae
427 585 574 649 retribuit
597 585 703 648 milii?
740 585 869 648 calicem
892 583 1049 646 salutaris
1071 583 1230 663 accipiam
1252 587 1280 647 et

158 709 271 752 momen
303 689 424 752 domiai
453 688 613 752 iuuocobo.
647 688 789 769 pretiosa
811 688 848 751 iu
870 689 1031 765 couspectu
1053 685 1176 749 domiui
1197 692 1280 750 mbrs

158 797 340 856 sauctorum
369 793 445 870 eires,
486 792 532 854 et:
563 792 635 873 quis
663 810 720 855 uos
749 789 910 870 separabit
931 810 952 853 a
974 789 1108 854 caritate
1132 788 1280 854 Christi?

160 893 323 958 tributatio
351 915 407 958 aa·
425 896 575 976 augustia
609 915 653 958 aa
679 887 852 976 persecutio
876 886 924 957 ‘au
952 893 1053 974 tames
1081 914 1126 956 am
1148 893 1280 956 auditas

134 1014 204 1061 raa
228 996 407 1087 periculum
437 1019 481 1061 aa
508 997 661 1079 pladius?
690 999 770 1061 sicut
792 998 945 1076 scriptam
967 1001 1030 1061 est:
1058 997 1134 1077 quia
1152 1000 1281 1078 propter

159 1105 187 1163 te
201 1105 297 1163 morte
313 1100 499 1181 adficiemur
515 1106 578 1164 tota
592 1101 652 1186 die,
669 1102 830 1165 aestimati
847 1121 957 1167 sumus
971 1105 1007 1164 ut
1021 1120 1091 1165 mres
1107 1101 1281 1180 occisionis,

160 1204 214 1267 sed
235 1205 271 1266 ia
293 1203 342 1266 bis
365 1203 510 1267 omuibus
531 1224 718 1284 superamus
735 1208 866 1285 propter
888 1225 957 1268 eum
980 1206 1042 1284 qui
1057 1187 1170 1268 dilexit
1192 1223 1259 1267 uos.

202 1307 273 1369 Vll.
300 1305 381 1386 Quid
405 1325 461 1369 nos
482 1306 572 1367 turrim
595 1306 694 1386 possit
718 1306 755 1369 ab
780 1305 829 1369 his
846 1305 967 1368 auferre
983 1305 1173 1369 salutaribus
1189 1322 1281 1385 prae-

161 1408 262 1488 ceptis
284 1419 410 1489 prorsus
434 1407 541 1470 uidere
565 1425 624 1469 non
647 1407 748 1470 ualeo.
787 1426 859 1469 nam
890 1408 920 1470 et
947 1407 1024 1472 licet
1053 1427 1105 1472 eos
1134 1408 1186 1488 qui
1208 1408 1281 1470 tuae

122 1528 148 1566 10
161 1510 310 1591 prauitati
340 1511 538 1574 consentiunt
562 1511 601 1573 ad
625 1530 680 1574 nos
702 1511 888 1574 inliciendas
914 1511 1049 1576 leuando
1074 1513 1157 1575 omni
1181 1512 1282 1576 officio

161 1614 216 1676 tuo
240 1632 299 1676 non
323 1613 447 1677 desinas
471 1614 575 1694 impio,
600 1616 635 1677 ut
657 1614 835 1695 Epictetum
860 1616 891 1677 et
914 1616 1044 1692 ceteros,
1070 1635 1147 1698 quos
1173 1635 1209 1679 ex
1233 1615 1285 1678 dei
1309 1618 1312 1625 '

163 1716 263 1779 seruis
286 1717 357 1779 tuos
382 1721 450 1779 esse
475 1734 510 1778 ao
533 1717 631 1796 patris
654 1717 702 1780 tui
730 1717 884 1780 satellites
912 1718 1032 1795 fecisti,
1066 1721 1173 1791 tamen
1204 1719 1283 1782 absit

163 1818 293 1881 anobis
317 1819 393 1880 haec
420 1806 573 1895 amentia,
605 1819 640 1882 ut
662 1818 777 1900 falsum
792 1818 873 1883 ¹uero
899 1822 1122 1902 anteponamus
1147 1822 1201 1884 aut
1224 1821 1283 1883 ali-

164 1940 226 2003 qua
254 1939 310 1984 nos
340 1921 445 1984 oblata
474 1934 537 2008 per
558 1923 589 1984 te
620 1921 756 1985 felicitas
784 1923 905 1985 inliciat
937 1923 1026 2005 regni
1059 1924 1115 1986 tui.
1159 1923 1284 1986 inanem

123 2051 149 2090 15
163 2023 296 2104 gloriam
325 2023 449 2087 tibimet
472 2043 563 2098 serua
587 2043 771 2106 omnemque
796 2024 990 2089 stolidissimi
1014 2027 1117 2090 cordis
1139 2027 1186 2090 tui
1209 2046 1284 2107 pru·
1344 2014 1348 2021 ⁴

164 2125 303 2189 dentiam
325 2127 448 2190 tibimet
470 2128 568 2189 retine
593 2128 624 2189 et
653 2127 853 2206 comparibus·
872 2128 935 2191 tuis
970 2129 1081 2210 quibus
1104 2130 1135 2192 te
1164 2147 1310 2192 morum.

164 2231 323 2293 coniunxit
346 2229 533 2303 similitudo;
562 2229 703 2311 relinque
727 2230 815 2293 nobis
838 2230 1006 2294 stultitiam
1029 2233 1183 2309 nostram,
1214 2250 1285 2294 cum

164 2352 221 2396 nos
245 2333 403 2397 Christum
429 2333 479 2396 dei
501 2333 601 2395 filium
624 2352 734 2396 uerum
759 2351 827 2397 esse
857 2333 957 2397 filium
987 2333 1184 2410 confitemur,
1215 2352 1287 2397 cum
1320 2397 1322 2400 Α

167 2436 300 2499 cundem
323 2437 414 2499 unius
438 2455 506 2499 esse
531 2436 724 2499 substantiae
748 2454 818 2497 cum
847 2436 935 2516 patre
966 2436 1178 2515 defendimus,
1216 2454 1287 2499 oum

127 2558 222 2603 sonos
245 2541 370 2620 propter
394 2558 480 2616 eum,
505 2559 542 2602 nc
567 2541 633 2602 eins
658 2539 854 2602 diuinitatem
878 2557 1043 2620 negemus,
1071 2539 1206 2604 interfici
1229 2558 1286 2602 cu-

164 2661 239 2724 pere
263 2642 459 2724 profitemur3
483 2641 623 2722 relinque
647 2642 735 2726 nobis
758 2641 937 2704 huiusmodi
959 2642 1135 2707 stultitiam.
1160 2642 1235 2724 quid
1253 2644 1287 2705 nt

167 2747 246 2808 hanc
272 2745 452 2808 amittamus
477 2745 533 2808 das
558 2749 705 2825 operam?
729 2744 804 2825 quid
825 2744 1059 2825 inpugnandam
1081 2745 1174 2826 putas
1197 2763 1287 2826 posse

169 2849 240 2912 ate
264 2847 447 2923 ueritatem,
486 2848 632 2928 ignorans
656 2847 794 2929 quodni
818 2867 875 2911 sua
897 2847 1024 2912 ualeat?
1060 2847 1143 2911 unde
1171 2848 1289 2915 ,etenim

168 2952 276 3013 contra
298 2949 441 3013 fremitus
464 2951 586 3014 atroces
611 2969 798 3032 asperosque
821 2951 891 3013 tuos
914 2951 1072 3014 cruciatus
1089 2951 1207 3016 inuicta
1223 2951 1288 3014 uir·
1367 2956 1378 3014 ,’

130 3076 155 3115 m
168 3054 235 3116 tute
265 3053 413 3134 populum
443 3052 494 3116 dei
524 3054 677 3134 conspicis
705 3054 914 3130 resistentem,
952 3053 1013 3116 nisi
1041 3054 1115 3135 quia
1141 3054 1219 3117 haec
1249 3051 1290 3115 sit
1331 3043 1334 3049 ’
1375 3058 1377 3063 “

169 3175 262 3237 quam
287 3155 481 3219 defendimus
506 3157 678 3237 apostolica
701 3157 794 3238 atque
818 3155 1002 3236 euangelica
1024 3156 1125 3242 fides?
1154 3157 1188 3220 hi
1209 3155 1289 3219 resi-

170 3246 255 3322 stunt
277 3260 351 3323 tuae
381 3259 575 3337 crudel‘tati,
607 3261 638 3322 hi
660 3261 748 3323 tuam
772 3260 896 3325 calcant
921 3260 1042 3323 rabiem
1065 3279 1196 3342 quorum
1219 3277 1290 3340 spes

171 3363 315 3424 aeternae
338 3347 584 3425 immortalitatis
604 3363 640 3452 et
662 3363 728 3425 uita
751 3362 897 3424 caelestis
922 3362 969 3424 est
988 3380 1181 3448 quorumque
1199 3360 1290 3424 ardor

168 3464 199 3527 in
224 3464 401 3545 cupidinem
425 3465 594 3546 perpetuae
613 3452 697 3528 lucis
722 3465 904 3528 accenditur
928 3465 959 3527 et
982 3464 1066 3528 salus
1084 3463 1122 3526 de
1138 3453 1291 3546 promissa

131 3566 307 3630 solaetatur
333 3565 537 3633 beatitudine.
578 3567 655 3631 adeo
684 3586 818 3649 namque
848 3567 1020 3631 securi'ad
1049 3568 1208 3632 aeternam
1235 3585 1290 3632 nos

170 3669 391 3750 perfruendam
414 3670 514 3735 uitam
536 3673 741 3752 peruenturus
765 3671 900 3734 scientes
923 3670 1028 3734 omnia
1042 3671 1203 3752 gratanter
1217 3690 1290 3753 per-

189 3874 191 3878 ⁴
274 3910 382 3964 enom.
400 3910 425 3972 s,
439 3909 540 3962 35-37
610 3907 642 3961 aa
662 3875 739 3978 cypr.
759 3925 818 3977 app.
835 3908 874 3961 m
891 3908 932 3972 aa,
952 3909 968 3962 s
987 3926 1024 3978 sq.

222 4114 334 4166 lfamis
421 4114 618 4168 bafficimuro
705 4114 850 4168 diestimati
909 4115 970 4175 ,10
988 4117 1120 4183 prauitato
1207 4117 1294 4168 14111-

172 4202 252 4255 liceat
340 4203 371 4254 17
387 4203 541 4255 coniuncxit
622 4202 656 4254 20
675 4217 794 4270 cuperes*
874 4202 1039 4271 tantuin
1062 4203 1088 4256 V
1170 4200 1292 4254 iterati·

170 4323 228 4376 atos
297 4324 330 4376 26
347 4295 456 4375 resistdt
