2850 4754
130 360 154 425 ξ
204 414 207 423 .

173 526 318 605 Pluribus
345 523 493 606 locispad
522 525 759 613 sustentandam
787 524 1050 599 constructionem
1074 522 1251 607 coniuncti-

132 647 215 711 ones,
249 628 330 693 unde
365 628 555 701 coniunctiui
593 629 735 709 suspensi
769 628 883 705 essent,
921 627 1031 703 abesse
1065 646 1124 699 non
1159 645 1252 709 posse

130 732 239 813 putaui
261 731 368 815 itqque
391 731 501 812 scripsi
533 731 584 807 59,
609 732 627 794 1
650 731 825 811 1111111111,
849 731 1033 812 imperator,
1060 729 1151 816 (cur)
1178 750 1250 804 eum

131 839 237 918 tqutoe
258 836 304 898 sis
326 834 541 917 insipientiae,
566 835 707 922 diqueris
729 839 836 913 tamea
850 835 960 901 dicere.
992 833 1134 915 exempla
1158 832 1251 907 enim,

132 935 185 1021 ubi
219 937 434 1002 coniunctione
468 935 555 1000 nulle
586 935 794 1016 praecedente
828 934 1020 1017 coniunctiui
1051 934 1123 1017 post
1154 933 1253 1001 uerba

132 1061 266 1121 acquum
299 1060 368 1116 csse,
409 1058 520 1120 cepere,
555 1039 665 1115 dicere,
700 1039 832 1120 diquum
866 1058 939 1117 esse,
969 1037 1102 1117 bertari,
1135 1036 1252 1115 iubere,

134 1143 297 1226 maudme,
336 1141 426 1224 mette,
461 1140 548 1221 uelle,
578 1140 772 1220 praecipere,
798 1141 893 1220 prius
915 1144 968 1220 est,
995 1159 1117 1222 roqare,
1139 1157 1252 1219 super-

135 1264 206 1327 esse,
251 1265 360 1326 urqere
402 1242 586 1307 insolentius
629 1242 793 1324 ponuntur,
839 1243 958 1307 certem
1002 1242 1158 1324 quendam
1202 1242 1253 1306 lo-

134 1347 250 1428 quendi
294 1346 469 1428 oralogium
511 1345 659 1410 scribenti
696 1346 894 1410 obuersatum
932 1364 1000 1410 esse
1039 1344 1255 1410 demonstrant

135 1450 228 1531 atque
257 1467 384 1533 prorsus
414 1448 579 1512 dissimilia
609 1449 689 1512 sunt.
727 1468 822 1512 unum
853 1466 936 1525 uero,
969 1449 1051 1530 quod
1078 1449 1254 1530 comparari

134 1551 232 1633 possit
265 1552 336 1628 141,
360 1551 400 1617 23
423 1552 451 1614 si
478 1553 562 1616 euim
589 1556 723 1632 tempore
751 1552 944 1616 ieiuuierum
967 1553 1088 1633 puquis
1114 1552 1255 1617 subditos

134 1653 223 1719 uobis
264 1652 374 1738 (quia)
409 1656 676 1736 percusserimus,
720 1655 828 1721 taiiter
867 1655 1059 1737 iudipoatur
1095 1655 1252 1732 domiuus,

134 1761 251 1839 quauta
282 1759 393 1839 maqis,
417 1759 535 1823 cicius
562 1758 695 1824 cuttores
716 1759 972 1835 mactouerimus,
996 1776 1108 1821 neuere
1139 1758 1254 1821 lacuna

131 1858 286 1937 laborare,
323 1859 432 1946 eudem
465 1859 611 1942 periodus
644 1859 753 1940 paucis
785 1859 876 1923 lineis
901 1859 1176 1943 anteproleta(l.
1201 1860 1252 1938 14)

134 1962 243 2042 deiude
280 1963 309 2026 si
345 1967 480 2045 tempore
515 1963 707 2027 ieiuniorum
743 1963 880 2027 subditos
913 1965 1005 2045 quia
1037 1963 1254 2043 percusserint

128 2066 249 2147 pupuis
280 2070 309 2129 et
337 2065 412 2133 otiis
444 2067 645 2130 iuiuriarum
676 2066 839 2147 peceribus
872 2065 1030 2144 laeserim,
1064 2071 1177 2142 coutra
1204 2085 1253 2130 eos

133 2185 316 2250 ipsiusmodi
348 2187 594 2268 iucrepatiouem
622 2185 681 2268 (sic
705 2185 906 2248 scribendum
929 2186 986 2262 est,
1009 2158 1255 2267 iucrepatiouii;

135 2306 192 2353 em.
223 2307 263 2350 m.
294 2290 373 2376 rec.)
402 2289 541 2369 protudit
572 2290 656 2366 deus,
692 2289 815 2368 quatem
838 2293 947 2351 coutra
968 2307 1025 2351 uos
1041 2288 1253 2369 protulisset?

134 2389 274 2481 spondet.
312 2390 373 2454 alie
400 2409 476 2454 uero
505 2390 537 2454 et
558 2409 685 2453 numero
709 2408 765 2463 suo
790 2390 820 2452 et
842 2390 1039 2470 periodorum
1063 2389 1254 2472 aequalitate

133 2511 190 2560 nos
213 2511 324 2563 cauere
340 2493 458 2570 iubent,
481 2511 519 2556 ne
543 2511 623 2574 quse
639 2492 747 2556 contra
761 2493 1001 2573 grammaticam
1016 2511 1148 2575 peccare
1164 2494 1254 2560 uobis

134 2595 309 2674 uideantur,
334 2596 374 2660 ed
398 2596 559 2660 arbitrium
576 2595 767 2676 corrigemus
790 2595 1068 2676 interpolandoque
1084 2596 1254 2677 genuinum

135 2699 281 2777 colorem,
306 2700 543 2780 qualiscumque
567 2698 635 2775 fuit
660 2698 904 2779 abstergeumus.
934 2699 980 2763 ite
1002 2700 1053 2776 41,
1074 2699 1112 2763 10
1126 2700 1255 2779 quaudo

135 2802 261 2881 quidem
284 2803 405 2880 uideas,
432 2807 643 2883 posteaquam
664 2806 777 2871 auctus
798 2802 898 2882 fuerit
918 2803 955 2865 iu
977 2823 1080 2885 repom
1100 2802 1255 2885 qtoriosus

132 2903 222 2986 pitius
244 2907 328 2969 Iesse
346 2904 468 2982 Dauid,
494 2907 600 2976 tamem
614 2903 696 2968 Sami
719 2904 775 2967 diu
797 2907 980 2987 requauerit
1000 2910 1028 2969 et
1044 2907 1256 2986 persequendi

137 3007 234 3077 etiam
261 3021 334 3072 eum
362 3006 506 3079 babuerit
528 3011 722 3088 potestatem,
760 3007 811 3084 51,
838 3007 878 3071 10
899 3009 1027 3089 quaudo
1050 3010 1159 3074 uideas
1182 3009 1256 3075 duic

135 3110 245 3181 Achab
268 3116 296 3174 et
317 3111 413 3174 umori
438 3111 505 3173 eius
527 3109 649 3174 Ierabet
670 3148 712 3157 —
728 3111 925 3190 pepercitum
946 3112 1047 3193 fuerit
1067 3112 1254 3192 diutissime,

135 3214 271 3291 11111
297 3215 424 3294 quaudo
457 3214 577 3297 uideas,
613 3233 669 3278 cur
702 3218 812 3279 1111111
844 3214 959 3278 diuiua
991 3215 1101 3295 fecerit
1132 3217 1256 3280 mouita

135 3317 246 3382 Acbar
267 3336 353 3380 uuus
367 3338 382 3381 e
398 3317 527 3397 popum,
552 3338 609 3382 cur
623 3317 709 3397 furto
725 3316 901 3383 abstulisset
916 3318 955 3380 ab
970 3318 1121 3385 Hiericho
1138 3323 1256 3383 certam

132 3425 258 3500 partem
294 3420 389 3486 uestis
426 3421 551 3500 arpeuti
585 3420 728 3500 aurique,
766 3420 811 3484 sic
843 3419 942 3499 fuerit
973 3421 1127 3485 multatus
1159 3425 1258 3489 morte

137 3522 236 3586 nudos
274 3521 488 3586 coniunctium
524 3523 669 3604 legimus
708 3541 840 3604 quonum
875 3522 944 3587 loco
981 3524 1108 3603 quaudo
1145 3524 1258 3590 uideas

137 3625 235 3704 quad
249 3662 292 3671 —
306 3627 489 3706 repuauerit
514 3628 722 3707 (pepercitum
737 3625 835 3706 1111111
849 3663 891 3672 -
905 3626 951 3689 sic
972 3625 1071 3705 fuerit
1086 3626 1253 3707 multatus)

139 3725 367 3807 exspectemus.
407 3726 453 3804 eis
479 3746 553 3793 uero
584 3728 716 3805 eundem
738 3728 803 3791 uim
826 3745 920 3809 quam
943 3728 1152 3793 coniunctioni
1173 3732 1257 3810 quod

137 3846 210 3895 cum
243 3828 441 3920 coniunctiuo
473 3830 587 3908 inesse,
624 3831 765 3911 exempla
797 3830 851 3895 ubi
872 3829 997 3895 Lucifer
1027 3850 1082 3913 suo
1113 3831 1256 3913 ueriendi

137 3931 241 4011 studio
274 3930 386 4009 doctus
422 3933 618 4008 accusetiuos
651 3940 724 3998 cum
763 3932 817 3998 inf.
850 3932 937 3998 iuxta
979 3934 1139 4016 simplices
1177 3952 1254 4018 con-

136 4034 293 4123 iunctiuos
327 4034 421 4117 pouit,
458 4036 533 4116 ostis
568 4035 691 4113 docent,
729 4036 817 4099 uelut
853 4036 904 4113 43,
940 4039 955 4100 1
990 4038 1117 4119 quaudo
1146 4038 1257 4117 uideas

136 4138 232 4202 etiam
254 4137 445 4213 Hieroboam
477 4140 600 4219 domiui
625 4139 809 4223 retiqiouem
836 4141 984 4222 fuuditus
1011 4144 1140 4220 uertere,
1158 4145 1194 4206 ut
1223 4146 1257 4205 dr

136 4240 235 4321 fuisse
258 4244 403 4326 comatum
425 4245 454 4305 11
475 4245 581 4320 1111111
602 4242 818 4324 superuiperit
844 4244 942 4308 cuuis
971 4263 1067 4326 quam
1091 4243 1254 4330 piurimis,
