2850 4754
136 352 200 420 292
623 347 772 402 Luciferi

136 541 282 606 malimus
305 536 448 614 16166161,
479 536 530 618 qui
563 537 653 605 611166
675 556 731 601 666
754 537 812 600 166
835 537 917 618 66161
938 536 1063 618 6166666
1085 554 1145 600 666
1167 556 1257 619 66666

135 662 308 719 cernamus,
333 641 392 704 nisi
415 639 561 703 66666611
586 639 656 702 ate
681 639 721 703 61
743 639 921 721 negandum
933 640 1062 702 unieum
1086 640 1137 703 dei
1158 639 1256 704 filium

136 749 202 812 eius
229 766 284 829 per
311 745 445 809 mortem
474 742 569 805 etiam
597 743 697 824 ipsam
725 761 834 805 uerum
865 758 933 806 esse
964 743 1053 806 illum
1083 742 1136 806 dei
1158 743 1256 806 filium

134 850 267 914 confessi
290 849 460 911 fuerimus?
505 845 702 910 detestabilis
729 864 817 908 mens
845 846 901 908 166
927 846 1054 927 indigne
1083 845 1153 923 fert,
1185 847 1256 929 quia

135 955 276 1018 dieamus
300 952 460 1016 Christum
484 949 534 1012 dei
557 948 657 1012 filium
675 949 724 1012 dei
742 967 810 1012 esse
826 949 966 1022 uerbum,
992 949 1042 1011 dei
1059 949 1255 1030 6661661166,
1279 970 1292 1010 a

135 1056 367 1129 161616161666,
398 1054 491 1116 deum
514 1071 625 1116 uerum
649 1053 686 1116 de
711 1053 770 1115 166
793 1047 877 1129 uere,
907 1053 1014 1114 natum
1039 1052 1077 1115 16
1100 1052 1200 1134 66166,
1224 1053 1256 1116 11
1297 1081 1299 1086 ·

134 1161 182 1224 661
206 1159 244 1223 16
268 1156 445 1222 substantia
467 1155 575 1237 661616,
598 1155 704 1218 lumen
722 1154 903 1231 16166166,
926 1155 1255 1232 661666661661666,

134 1263 225 1326 unius
249 1260 443 1325 substantiae
467 1258 555 1321 illum
587 1276 656 1321 esse
679 1276 750 1320 eum
772 1258 871 1339 patre,
905 1259 988 1340 quud
1010 1277 1124 1341 graece
1148 1259 1256 1323 dieunt

134 1368 320 1446 ὁμοούσιον,
350 1380 403 1443 666
433 1380 525 1444 quem
554 1361 657 1423 omnia
685 1360 757 1423 sunt
779 1360 872 1437 16616,
902 1362 968 1425 6166
997 1380 1056 1442 quo
1086 1381 1255 1444 numquam

135 1467 229 1531 fuerit
250 1466 348 1547 pater.
372 1463 498 1545 indigne
522 1464 593 1538 fers,
618 1462 848 1539 1611666616,
873 1482 927 1526 666
944 1464 1149 1528 defendamus
1173 1465 1293 1546 qued¹⁰

134 1570 261 1634 claritas
289 1568 429 1650 66166166
462 1566 646 1648 magnitudo
682 1566 849 1629 aeternitas
879 1566 1088 1648 diuinitasque
1122 1587 1185 1630 666
1215 1569 1255 1631 611

133 1673 231 1755 661616
255 1670 391 1734 6166161
416 1669 481 1733 eius
504 1669 571 1743 filii,
596 1688 655 1732 666
679 1687 747 1732 6666
770 1688 884 1733 nouum
908 1668 992 1750 quod
1014 1688 1069 1733 666
1084 1670 1183 1752 legati
1201 1671 1253 1735 ad-

134 1777 356 1840 seuerabamus
379 1774 410 1836 in
433 1774 487 1836 166
502 1772 618 1854 6616116
644 1773 675 1835 61
696 1773 849 1836 firmando
872 1792 931 1836 666
949 1771 1106 1850 desumus,
1132 1793 1255 1856 semper

135 1881 178 1944 sie
204 1879 300 1942 fuisse
325 1879 447 1940 616666
471 1875 626 1939 creditum
649 1891 667 1939 6
691 1875 885 1953 Christianis,
910 1876 1002 1940 sicuti
1026 1877 1109 1958 apud
1131 1877 1254 1941 Niciam

133 1985 241 2047 eontra
253 1983 416 2049 haeresem
430 1979 518 2043 tuam
531 1979 695 2043 Annianam
712 1980 743 2044 et
758 1981 866 2044 eontra
878 1999 984 2044 omnes
997 1999 1116 2044 6666666
1128 1980 1255 2044 6116166
1267 1986 1293 2026 ¹⁵

134 2105 202 2150 6666
233 2083 424 2149 6661611166
447 2083 631 2165 6666661616.
662 2083 688 2146 61
711 2083 839 2147 tandem
863 2083 968 2148 666166
992 2084 1144 2165 666666116
1168 2104 1254 2150 mor·

134 2185 594 2253 61166666166666666116161
619 2185 749 2267 6666166,
773 2187 923 2262 16666166,
948 2187 1030 2268 quod
1045 2188 1124 2250 hane
1148 2188 1253 2264 habet,

133 2292 211 2354 hane
236 2288 376 2354 defendit
398 2289 533 2352 66616616
554 2289 649 2353 fidem
673 2309 766 2372 quam
783 2290 841 2354 sibi
856 2290 1005 2354 traditam
1021 2290 1184 2372 cognoscit
1199 2310 1254 2373 per

132 2392 242 2457 beatos
266 2390 431 2473 apostoles.
456 2394 562 2479 (66666
585 2394 743 2457 momento
765 2412 932 2476 peragrare
956 2394 982 2456 si
999 2412 1107 2475 posses
1130 2395 1251 2475 gentes,

133 2494 316 2570 1666616666,
347 2492 550 2557 stolidissime
582 2493 760 2575 imperator,
789 2495 905 2576 ubique
936 2495 1129 2560 Christianos
1158 2496 1252 2560 sicuti
1266 2500 1291 2539 ²⁰

133 2617 189 2662 666
212 2597 350 2672 6661666,
374 2595 404 2658 16
427 2596 486 2658 hae
512 2595 690 2684 1616661666
715 2597 820 2660 666166
842 2598 1018 2678 perstantes
1039 2618 1094 2680 666
1119 2598 1251 2664 1611116

132 2701 252 2764 61666
282 2699 361 2762 muri
390 2718 515 2780 666666.
561 2700 593 2762 61
621 2699 678 2762 tua
705 2700 830 2764 nouella
859 2700 1051 2781 praedicatio
1082 2702 1113 2766 et
1141 2721 1252 2768 reeens

131 2802 252 2884 religia,
279 2802 335 2866 sub
357 2802 520 2884 praetextu
548 2802 622 2866 fidei
650 2803 845 2884 blasphemia
878 2805 908 2867 in
937 2804 1105 2885 perniciem
1140 2805 1252 2870 salutis
1296 2804 1323 2810 ’

132 2907 206 2969 1666
229 2905 337 2986 66616
359 2904 491 2986 6661616,
515 2923 574 2968 666
598 2905 699 2969 solum
723 2906 823 2969 adhue
838 2905 971 2970 limitem
986 2907 1161 2972 Romanum
1177 2927 1251 2990 per-

17 3003 22 3016 '
135 3025 244 3089 agrare
266 3025 326 3070 nun
351 3007 451 3070 661611
474 3007 506 3070 61
528 3008 636 3089 utique
658 3008 691 3072 te
716 3009 792 3073 satis
822 3009 942 3090 agente,
977 3010 1034 3073 sed
1064 3011 1094 3072 et
1121 3011 1176 3074 ubi
1199 3011 1290 3074 ubis

133 3109 256 3188 6611666
280 3110 953 3191 16666166616666166611666616611166
969 3110 1091 3176 seilicet
1107 3113 1251 3179 omnibus

135 3213 185 3277 dei
213 3211 340 3276 famulis
369 3232 387 3276 a
416 3214 448 3275 te
480 3212 572 3295 atque
598 3215 707 3296 paucis
735 3214 798 3278 tuis
829 3233 906 3296 quos
933 3215 1042 3279 lolium
1066 3234 1140 3278 esse·
1158 3234 1252 3298 66666

133 3316 323 3381 frumentum
347 3315 515 3380 seminatus
539 3316 681 3390 dominus
703 3318 892 3398 praedixerit
913 3318 1018 3381 166666
1041 3318 1250 3383 manentibus.

134 3439 214 3501 quae
238 3420 344 3485 omnia
366 3418 423 3484 tibi
446 3419 603 3500 praestitit
626 3420 719 3501 atque
744 3421 792 3484 est
812 3423 974 3502 praestans
998 3421 1108 3485 artifex
1130 3420 1251 3486 fraudis

233 3622 266 3675 27
285 3622 317 3677 61,
336 3622 432 3675 116111.
452 3621 493 3684 13,
512 3620 546 3672 25

184 3790 388 3844 lmaluimusu
458 3763 562 3858 766116
630 3772 739 3859 866666
756 3792 785 3859 V,
804 3781 897 3846 Graeci
915 3810 933 3851 6,
999 3794 1182 3861 9ομοουσιον

97 3881 100 3888 “
132 3876 163 3931 11
184 3876 309 3929 diuinitas
333 3893 397 3944 quae
420 3878 466 3944 Vv,
490 3893 538 3929 em.
557 3875 693 3930 Latinius
801 3877 833 3930 12
855 3879 939 3933 ,Nun
958 3896 1013 3932 6666
1037 3881 1077 3932 sie
1096 3881 1249 3954 (1161166611

131 3978 148 4016 6
242 3962 365 4058 ὁ146661
468 3961 661 4015 1516666116666
679 3965 814 4044 (merus.)
919 3965 967 4019 uit.
985 3966 1076 4018 eontra
1094 3982 1181 4022 666-6

133 4064 165 4118 16
183 4065 279 4118 6661116
298 4064 318 4131 (1
336 4066 418 4131 eras.)
502 4065 533 4116 17
551 4065 702 4120 inuenisse
782 4065 815 4118 23
833 4067 924 4135 ptexto
1006 4067 1159 4136 blasphema
1177 4072 1245 4126 coni.

136 4149 307 4203 Gallundius
385 4152 540 4248 pemitiaem
595 4151 653 4222 Ι25
671 4154 712 4207 661
754 4176 756 4182 s
797 4153 906 4207 ubiubi
927 4155 957 4223 V,
975 4154 1053 4208 ubiu
1138 4157 1172 4211 27
1192 4175 1247 4214 6666

133 4266 154 4303 6.
173 4251 189 4306 1.
264 4250 470 4306 181666661666
