2850 4754
503 399 545 454 De
563 400 655 452 sancto
672 397 819 453 Athanasio
836 397 904 453 liber
919 397 952 453 11.
1230 397 1291 464 195

177 607 226 653 uos
246 590 417 672 1111111111
438 609 518 666 mm,
541 592 692 672 quonium
712 591 875 655 uobiscum
896 595 1003 655 mouet
1024 596 1052 655 ct
1073 591 1111 656 iu
1133 591 1221 657 uobis
1234 597 1289 656 est.

176 692 226 756 sed
241 693 290 758 dic
308 712 362 759 oro
374 696 406 759 te
423 695 579 777 quomodo
594 695 694 777 possit
707 696 739 759 iu
755 695 844 759 uobis
860 695 1002 759 habitare
1019 694 1146 776 spiritus
1163 696 1290 759 sanctus

173 795 349 876 paraclitus,
373 797 400 862 si
421 798 510 861 tuam
532 798 585 862 uel
599 799 697 880 patris
711 798 758 861 tui
773 798 957 864 fecissemus
972 798 1191 864 uoluntatem?
1211 797 1288 861 inira

174 898 273 977 etiam,
297 901 354 982 oui
375 901 477 985 cudit,
501 901 611 984 iuquit,
638 907 812 984 praecepto
834 923 904 967 mcc
931 907 960 967 ct
986 903 1122 968 custodit
1146 901 1212 985 itte,
1236 901 1290 966 ittc

128 1023 161 1064 5
171 1005 213 1064 cst
230 1004 287 1084 qui
308 1023 357 1068 mc
380 1004 498 1087 diligit.
521 1007 577 1086 qui
593 1009 698 1069 cutem
713 1026 762 1070 mc
777 1006 885 1089 diligit
898 1005 1050 1089 diligetur
1067 1025 1088 1068 c
1098 1009 1194 1087 putre
1209 1024 1285 1084 mco,

170 1107 197 1167 et
215 1123 268 1187 coo
282 1105 418 1189 diligam
432 1109 528 1174 ittum
548 1113 577 1173 et
598 1110 758 1174 osteudum
781 1109 835 1174 itti
856 1109 1032 1191 meipsum.
1056 1110 1103 1172 cit
1117 1107 1170 1172 itti
1185 1106 1288 1172 Iudas

170 1227 233 1272 coc
255 1209 424 1276 Scariottc:
451 1213 575 1278 domiue
602 1212 680 1294 quid
705 1213 829 1295 factum
857 1216 908 1286 est,
937 1212 1020 1293 quod
1048 1211 1235 1293 manifestos
1257 1216 1286 1276 tc

169 1311 256 1378 uotis
277 1317 308 1377 ct
328 1334 395 1379 uou
416 1314 492 1381 tuic
518 1317 658 1382 muodo?
686 1316 850 1397 respondit
877 1315 968 1379 Iesus
996 1323 1024 1380 ct
1052 1316 1138 1380 dicit
1157 1315 1227 1383 itti.-
1258 1317 1288 1381 si

169 1415 239 1495 quis
252 1435 302 1481 mc
315 1417 433 1503 didicit,
456 1438 627 1484 sermonem
642 1439 746 1484 mcum
761 1419 910 1484 custodiet
923 1423 954 1483 et
963 1423 1059 1500 poter
1074 1439 1161 1485 uacus
1175 1419 1284 1503 diliget

115 1517 267 1613 mittum,
296 1525 324 1585 et
352 1522 395 1587 ud
422 1522 516 1587 ittum
543 1524 706 1589 1111111111
728 1527 757 1587 ct
779 1523 866 1604 opud
888 1543 958 1586 cum
979 1523 1186 1588 monebimus.
1232 1524 1289 1604 qui

169 1640 232 1685 uec
260 1643 308 1687 mc
337 1625 447 1710 dilicit
473 1647 630 1693 sermones
658 1646 741 1692 meos
762 1646 827 1690 uou
848 1627 991 1692 custodit.
1036 1645 1073 1691 ex
1095 1627 1145 1690 his
1169 1626 1284 1690 domini

169 1726 468 1803 pronuntiationibus
491 1748 585 1812 quam
606 1730 752 1795 inimicus
766 1730 872 1794 noster
889 1729 1028 1793 extiteris
1042 1729 1148 1810 potest
1170 1729 1287 1793 conici:

168 1831 222 1907 qui
244 1832 337 1895 audit
357 1835 514 1898 mcudato
529 1855 600 1901 mcc
621 1839 651 1900 ct
665 1835 798 1900 custodit
811 1833 880 1911 itta,
904 1833 960 1898 itte
975 1833 1089 1913 estqui
1104 1852 1152 1895 mc
1167 1831 1284 1915 dicoque.

169 1933 321 2012 quomodo
345 1935 492 2001 dilexisse
515 1955 571 2002 nos
596 1956 668 2002 cum
693 1938 954 2014 monstrabamus,
978 1935 1004 2000 si
1026 1934 1062 1998 ut
1077 1935 1113 1998 tu
1134 1933 1285 2019 mandata

131 2034 232 2100 1⁵eius
255 2037 474 2105 calcaremus?
510 2040 637 2105 calcans
660 2060 693 2105 es
717 2041 832 2105 etenim
856 2039 1012 2104 dominica
1033 2034 1193 2114 mandata,
1217 2055 1288 2101 cum

169 2154 244 2216 quae
266 2138 322 2202 ille
345 2143 465 2206 seruari
488 2143 625 2207 sanxerit
651 2145 687 2206 tu
717 2161 777 2207 nou
805 2143 928 2207 tantum
956 2160 1016 2205 uon
1040 2159 1110 2204 esse
1133 2138 1289 2205 seruanda

168 2242 305 2321 mandes,
329 2245 385 2309 sed
402 2247 434 2309 et
447 2247 551 2328 ipsum
566 2246 674 2329 negari
685 2245 869 2327 praecipias.
896 2245 950 2308 aut
961 2242 1117 2326 quomodo
1132 2260 1183 2306 me
1198 2242 1288 2323 pater

167 2342 272 2424 ipsius,
301 2349 466 2429 propterea
495 2349 579 2430 quod
607 2349 800 2413 seruauerim
821 2347 971 2412 mandata
993 2346 1050 2410 filii
1074 2346 1151 2424 eius,
1182 2363 1286 2410 amare

167 2448 288 2528 poterit,
313 2451 340 2514 si
363 2451 509 2515 damnem
530 2452 750 2517 innocentem?
795 2450 872 2514 dicit
893 2450 977 2514 filius
1001 2449 1067 2513 dei:
1094 2450 1125 2514 si
1146 2449 1289 2530 quisue

136 2571 157 2610 c
168 2551 283 2635 diligit,
306 2571 478 2619 samonem
499 2575 602 2620 meum
625 2554 784 2632 custodiet,
808 2558 837 2617 et
847 2558 941 2632 puter
957 2573 1043 2618 uacus
1057 2552 1168 2634 diliget
1183 2550 1286 2625 iilum,

167 2656 257 2720 etad
278 2656 373 2722 illum
393 2660 555 2722 ueuiconus
577 2663 607 2722 et
628 2657 716 2738 opud
738 2678 807 2722 eum
829 2656 1042 2734 monebimus·
1076 2654 1108 2718 ct
1135 2654 1171 2716 tu
1195 2653 1284 2731 dieis,

168 2777 240 2824 esca
260 2760 352 2843 ignis,
377 2761 537 2842 apostata:
568 2761 719 2825 dcmcctc
746 2761 953 2824 inuocantem.
998 2775 1059 2839 quo
1088 2774 1202 2838 genere
1231 2756 1281 2820 dei

165 2861 296 2944 diligere
324 2863 442 2926 inuenti
470 2863 638 2927 fuissemus
665 2861 782 2940 filium,
816 2862 841 2925 si
870 2861 978 2925 contra
1006 2858 1157 2923 mandata
1184 2858 1283 2940 ipsius

164 2963 378 3046 iugularemus
393 2966 496 3030 uirum
517 2966 656 3030 iustum?
679 2964 835 3047 quomodo
857 2962 926 3027 fieri
938 2961 1073 3044 poterat,
1088 2963 1124 3024 ut
1140 2960 1286 3044 diligeret

131 3082 154 3122 2⁵
164 3085 220 3131 uos
234 3068 325 3150 pater
341 3068 373 3132 et
387 3069 531 3133 uenirent
544 3070 634 3151 pater
650 3071 682 3134 et
696 3069 780 3134 filius
797 3068 828 3133 et
838 3068 1008 3135 mansitare
1021 3065 1143 3149 dignati
1153 3065 1287 3132 fuissent

164 3168 195 3232 in
217 3170 317 3248 uobis,
341 3170 368 3235 si
389 3171 604 3236 rescindentes
629 3172 746 3236 domiui
767 3171 917 3235 mandata
938 3171 995 3234 tua
1020 3169 1168 3251 sacrilegi
1189 3188 1284 3250 prae-

163 3273 256 3353 cepta
277 3273 529 3340 custodiremus?
558 3274 714 3356 conspice,
740 3273 914 3352 Constanti,
936 3272 1062 3337 inuidus
1083 3271 1139 3335 ille
1162 3272 1283 3335 amator

163 3376 237 3440 tuae
259 3377 432 3443 uoluntatis
461 3378 604 3444 diabolus
633 3379 760 3461 aquali
788 3397 844 3442 nos
871 3377 974 3459 gloria
1001 3393 1056 3457 per
1078 3374 1113 3437 tc
1134 3373 1281 3437 clientem

165 3497 256 3544 suum
277 3480 396 3562 pellere
410 3470 621 3564 temptauerit,
645 3481 705 3546 nisi
727 3481 815 3546 nobis
839 3479 955 3545 domini
979 3475 1159 3542 subueniret
1172 3475 1284 3555 pietas,

127 3584 199 3647 ³⁰ut
220 3585 252 3648 te
274 3585 339 3648 iam
368 3603 428 3649 uon
450 3585 618 3662 hominem,
653 3603 747 3667 quem
776 3584 853 3648 deus
880 3581 957 3646 iecit
986 3579 1027 3643 ad
1055 3577 1224 3659 imaginem
1253 3578 1284 3640 et

164 3686 401 3752 similitudinem
425 3706 524 3766 suam,
548 3686 604 3752 sed
626 3705 757 3751 caenum
775 3704 843 3750 esse
860 3685 996 3750 omnium
1012 3681 1191 3746 cloacarum
1207 3697 1284 3743 con-

264 3927 352 3983 41111.
372 3926 413 3991 14,
432 3925 535 3979 21-24
604 3925 636 3978 13
653 3922 690 3978 ib.
709 3924 751 3988 14,
770 3923 802 3976 21
872 3924 905 3976 19
923 3922 959 3976 ib.
979 3921 1020 3987 14,
1039 3921 1073 3974 23

215 4129 247 4184 10
266 4131 329 4198 aput
409 4095 546 4184 1111εέ111
648 4128 681 4181 14
698 4127 906 4181 monstrabamur
923 4126 991 4192 fort.
1094 4126 1127 4179 15
1144 4141 1202 4179 cum
1220 4140 1286 4194 quae

162 4217 400 4287 compedumque
421 4218 471 4301 V¹
525 4217 557 4270 16
575 4217 705 4270 cancrent
785 4214 817 4269 18
835 4216 899 4283 quot
979 4213 1011 4266 21
1031 4214 1094 4281 aput
1175 4212 1284 4278 eumV,

161 4323 269 4378 illumc
337 4318 371 4373 30
389 4294 435 4374 dte
457 4323 488 4385 V,
506 4323 534 4375 te
554 4324 615 4390 (oue.
633 4323 707 4390 ut)o

1127 4418 1176 4471 13³*
