<?xml version="1.0" encoding="UTF-8"?>
<!DOCTYPE html PUBLIC "-//W3C//DTD XHTML 1.0 Transitional//EN"
    "http://www.w3.org/TR/xhtml1/DTD/xhtml1-transitional.dtd">
<html xmlns="http://www.w3.org/1999/xhtml" xml:lang="en" lang="en">
 <head>
  <title>
</title>
<meta http-equiv="Content-Type" content="text/html;charset=utf-8" />
  <meta name='ocr-system' content='tesseract 3.04.00' />
  <meta name='ocr-capabilities' content='ocr_page ocr_carea ocr_par ocr_line ocrx_word'/>
</head>
<body>
  <div class='ocr_page' id='page_1' title='image "./lucifericalarit00lucigoog_0256.png"; bbox 0 0 2850 4754; ppageno 0'>
   <div class='ocr_carea' id='block_1_1' title="bbox 503 363 1291 436">
    <p class='ocr_par' dir='ltr' id='par_1_1' title="bbox 503 363 1291 436">
     <span class='ocr_line' id='line_1_1' title="bbox 503 363 1291 436; baseline 0.003 -17"><span class='ocrx_word' id='word_1_1' title='bbox 503 365 544 419; x_wconf 90' lang='lat' dir='ltr'>De</span> <span class='ocrx_word' id='word_1_2' title='bbox 563 365 654 418; x_wconf 87' lang='lat' dir='ltr'>sancto</span> <span class='ocrx_word' id='word_1_3' title='bbox 671 363 818 419; x_wconf 80' lang='lat' dir='ltr'>Athanasio</span> <span class='ocrx_word' id='word_1_4' title='bbox 835 364 903 418; x_wconf 90' lang='lat' dir='ltr'>liber</span> <span class='ocrx_word' id='word_1_5' title='bbox 919 365 952 420; x_wconf 94' lang='lat'>11.</span> <span class='ocrx_word' id='word_1_6' title='bbox 1228 369 1291 436; x_wconf 80' lang='lat'>203</span> 
     </span>
    </p>
   </div>
   <div class='ocr_carea' id='block_1_2' title="bbox 144 553 1289 1463">
    <p class='ocr_par' dir='ltr' id='par_1_2' title="bbox 144 553 1289 1463">
     <span class='ocr_line' id='line_1_2' title="bbox 172 553 1288 638; baseline 0.002 -17"><span class='ocrx_word' id='word_1_7' title='bbox 172 557 198 621; x_wconf 92' lang='lat' dir='ltr'>si</span> <span class='ocrx_word' id='word_1_8' title='bbox 227 555 308 620; x_wconf 91' lang='lat' dir='ltr'>enim</span> <span class='ocrx_word' id='word_1_9' title='bbox 337 574 397 621; x_wconf 92' lang='lat' dir='ltr'>non</span> <span class='ocrx_word' id='word_1_10' title='bbox 425 556 461 620; x_wconf 90' lang='lat' dir='ltr'>tu</span> <span class='ocrx_word' id='word_1_11' title='bbox 490 554 634 635; x_wconf 91' lang='lat' dir='ltr'>operibus</span> <span class='ocrx_word' id='word_1_12' title='bbox 664 553 728 618; x_wconf 92' lang='lat' dir='ltr'>tuis</span> <span class='ocrx_word' id='word_1_13' title='bbox 759 554 909 638; x_wconf 87' lang='lat' dir='ltr'>gentilem</span> <span class='ocrx_word' id='word_1_14' title='bbox 935 556 968 620; x_wconf 92' lang='lat' dir='ltr'>te</span> <span class='ocrx_word' id='word_1_15' title='bbox 999 575 1068 621; x_wconf 88' lang='lat' dir='ltr'>esse</span> <span class='ocrx_word' id='word_1_16' title='bbox 1095 557 1288 637; x_wconf 81' lang='lat' dir='ltr'>manifestes,</span> 
     </span>
     <span class='ocr_line' id='line_1_3' title="bbox 169 657 1288 743; baseline 0.001 -18"><span class='ocrx_word' id='word_1_17' title='bbox 169 660 286 743; x_wconf 90' lang='lat' dir='ltr'>poteris</span> <span class='ocrx_word' id='word_1_18' title='bbox 310 659 488 738; x_wconf 87' lang='lat' dir='ltr'>defendere,</span> <span class='ocrx_word' id='word_1_19' title='bbox 519 659 603 742; x_wconf 90' lang='lat' dir='ltr'>quod</span> <span class='ocrx_word' id='word_1_20' title='bbox 626 657 709 722; x_wconf 90' lang='lat' dir='ltr'>enim</span> <span class='ocrx_word' id='word_1_21' title='bbox 730 676 790 723; x_wconf 93' lang='lat' dir='ltr'>non</span> <span class='ocrx_word' id='word_1_22' title='bbox 814 658 906 741; x_wconf 84' lang='lat' dir='ltr'>digne</span> <span class='ocrx_word' id='word_1_23' title='bbox 929 660 1007 723; x_wconf 89' lang='lat' dir='ltr'>haee</span> <span class='ocrx_word' id='word_1_24' title='bbox 1028 660 1062 723; x_wconf 95' lang='lat' dir='ltr'>te</span> <span class='ocrx_word' id='word_1_25' title='bbox 1084 660 1193 725; x_wconf 81' lang='lat' dir='ltr'>oontm</span> <span class='ocrx_word' id='word_1_26' title='bbox 1214 679 1288 743; x_wconf 92' lang='lat' dir='ltr'>pro-</span> 
     </span>
     <span class='ocr_line' id='line_1_4' title="bbox 172 760 1289 845; baseline 0.002 -18"><span class='ocrx_word' id='word_1_27' title='bbox 172 763 319 827; x_wconf 88' lang='lat' dir='ltr'>ferantur.</span> <span class='ocrx_word' id='word_1_28' title='bbox 342 763 441 845; x_wconf 86' lang='lat' dir='ltr'>pn&#39;mo</span> <span class='ocrx_word' id='word_1_29' title='bbox 458 761 532 845; x_wconf 90' lang='lat' dir='ltr'>quia</span> <span class='ocrx_word' id='word_1_30' title='bbox 547 762 590 827; x_wconf 91' lang='lat' dir='ltr'>sis</span> <span class='ocrx_word' id='word_1_31' title='bbox 606 779 724 844; x_wconf 85' lang='lat' dir='ltr'>negans</span> <span class='ocrx_word' id='word_1_32' title='bbox 739 760 791 825; x_wconf 93' lang='lat' dir='ltr'>dei</span> <span class='ocrx_word' id='word_1_33' title='bbox 806 760 917 839; x_wconf 89' lang='lat' dir='ltr'>filium,</span> <span class='ocrx_word' id='word_1_34' title='bbox 940 761 1067 844; x_wconf 85' lang='lat' dir='ltr'>gentilis</span> <span class='ocrx_word' id='word_1_35' title='bbox 1082 763 1137 828; x_wconf 91' lang='lat' dir='ltr'>aut</span> <span class='ocrx_word' id='word_1_36' title='bbox 1152 764 1289 829; x_wconf 91' lang='lat' dir='ltr'>Iudaeus</span> 
     </span>
     <span class='ocr_line' id='line_1_5' title="bbox 170 863 1288 947; baseline 0.001 -17"><span class='ocrx_word' id='word_1_37' title='bbox 170 867 257 933; x_wconf 92' lang='lat' dir='ltr'>nobis</span> <span class='ocrx_word' id='word_1_38' title='bbox 282 886 331 942; x_wconf 90' lang='lat' dir='ltr'>es;</span> <span class='ocrx_word' id='word_1_39' title='bbox 364 866 477 931; x_wconf 92' lang='lat' dir='ltr'>deinde</span> <span class='ocrx_word' id='word_1_40' title='bbox 499 885 571 930; x_wconf 92' lang='lat' dir='ltr'>cum</span> <span class='ocrx_word' id='word_1_41' title='bbox 593 863 762 947; x_wconf 84' lang='lat' dir='ltr'><strong>proscribis</strong></span> <span class='ocrx_word' id='word_1_42' title='bbox 784 864 930 947; x_wconf 76' lang='lat' dir='ltr'>deportas</span> <span class='ocrx_word' id='word_1_43' title='bbox 959 865 1086 947; x_wconf 78' lang='lat' dir='ltr'>torques</span> <span class='ocrx_word' id='word_1_44' title='bbox 1114 865 1202 931; x_wconf 83' lang='lat' dir='ltr'>falsis</span> <span class='ocrx_word' id='word_1_45' title='bbox 1225 867 1288 931; x_wconf 89' lang='lat' dir='ltr'>cri-</span> 
     </span>
     <span class='ocr_line' id='line_1_6' title="bbox 144 967 1287 1050; baseline -0.002 -14"><span class='ocrx_word' id='word_1_46' title='bbox 144 969 303 1036; x_wconf 82' lang='lat' dir='ltr'>sminibus</span> <span class='ocrx_word' id='word_1_47' title='bbox 314 970 496 1035; x_wconf 91' lang='lat' dir='ltr'>innocentes</span> <span class='ocrx_word' id='word_1_48' title='bbox 512 987 622 1034; x_wconf 91' lang='lat' dir='ltr'>oneras</span> <span class='ocrx_word' id='word_1_49' title='bbox 636 967 797 1046; x_wconf 89' lang='lat' dir='ltr'>interficis,</span> <span class='ocrx_word' id='word_1_50' title='bbox 813 986 872 1032; x_wconf 94' lang='lat' dir='ltr'>non</span> <span class='ocrx_word' id='word_1_51' title='bbox 884 967 1016 1033; x_wconf 90' lang='lat' dir='ltr'>inueniri</span> <span class='ocrx_word' id='word_1_52' title='bbox 1027 968 1144 1050; x_wconf 85' lang='lat' dir='ltr'>poteris</span> <span class='ocrx_word' id='word_1_53' title='bbox 1157 968 1287 1034; x_wconf 82' lang='lat' dir='ltr'>Christi-</span> 
     </span>
     <span class='ocr_line' id='line_1_7' title="bbox 169 1070 1287 1155; baseline -0.002 -18"><span class='ocrx_word' id='word_1_54' title='bbox 169 1091 245 1137; x_wconf 84' lang='lat' dir='ltr'>anus</span> <span class='ocrx_word' id='word_1_55' title='bbox 268 1073 321 1155; x_wconf 91' lang='lat' dir='ltr'>qui</span> <span class='ocrx_word' id='word_1_56' title='bbox 342 1091 399 1154; x_wconf 87' lang='lat' dir='ltr'>per</span> <span class='ocrx_word' id='word_1_57' title='bbox 420 1072 505 1135; x_wconf 91' lang='lat' dir='ltr'>uiam</span> <span class='ocrx_word' id='word_1_58' title='bbox 523 1089 613 1135; x_wconf 89' lang='lat' dir='ltr'>suam</span> <span class='ocrx_word' id='word_1_59' title='bbox 636 1070 687 1135; x_wconf 91' lang='lat' dir='ltr'>dei</span> <span class='ocrx_word' id='word_1_60' title='bbox 706 1089 774 1136; x_wconf 89' lang='lat' dir='ltr'>esse</span> <span class='ocrx_word' id='word_1_61' title='bbox 796 1072 889 1136; x_wconf 90' lang='lat' dir='ltr'>homo</span> <span class='ocrx_word' id='word_1_62' title='bbox 912 1072 1128 1153; x_wconf 76' lang='lat' dir='ltr'>cognoscatur,</span> <span class='ocrx_word' id='word_1_63' title='bbox 1151 1071 1208 1135; x_wconf 89' lang='lat' dir='ltr'>sed</span> <span class='ocrx_word' id='word_1_64' title='bbox 1221 1072 1287 1135; x_wconf 91' lang='lat' dir='ltr'>uti-</span> 
     </span>
     <span class='ocr_line' id='line_1_8' title="bbox 170 1173 1287 1259; baseline 0 -19"><span class='ocrx_word' id='word_1_65' title='bbox 170 1195 229 1259; x_wconf 87' lang='lat' dir='ltr'>que</span> <span class='ocrx_word' id='word_1_66' title='bbox 252 1194 333 1241; x_wconf 93' lang='lat' dir='ltr'>unus</span> <span class='ocrx_word' id='word_1_67' title='bbox 356 1175 397 1239; x_wconf 93' lang='lat' dir='ltr'>de</span> <span class='ocrx_word' id='word_1_68' title='bbox 418 1173 492 1252; x_wconf 92' lang='lat' dir='ltr'>illis,</span> <span class='ocrx_word' id='word_1_69' title='bbox 516 1174 555 1239; x_wconf 95' lang='lat' dir='ltr'>de</span> <span class='ocrx_word' id='word_1_70' title='bbox 578 1174 690 1258; x_wconf 89' lang='lat' dir='ltr'>quibus</span> <span class='ocrx_word' id='word_1_71' title='bbox 710 1193 766 1258; x_wconf 90' lang='lat' dir='ltr'>per</span> <span class='ocrx_word' id='word_1_72' title='bbox 785 1175 960 1258; x_wconf 91' lang='lat' dir='ltr'>apostolum</span> <span class='ocrx_word' id='word_1_73' title='bbox 976 1173 1054 1238; x_wconf 88' lang='lat' dir='ltr'>dicit</span> <span class='ocrx_word' id='word_1_74' title='bbox 1076 1174 1127 1238; x_wconf 90' lang='lat' dir='ltr'>dei</span> <span class='ocrx_word' id='word_1_75' title='bbox 1150 1174 1287 1256; x_wconf 89' lang='lat' dir='ltr'>spiritus,</span> 
     </span>
     <span class='ocr_line' id='line_1_9' title="bbox 169 1276 1288 1360; baseline -0.001 -17"><span class='ocrx_word' id='word_1_76' title='bbox 169 1277 251 1360; x_wconf 86' lang='lat' dir='ltr'>quod</span> <span class='ocrx_word' id='word_1_77' title='bbox 275 1277 357 1341; x_wconf 87' lang='lat' dir='ltr'>enim</span> <span class='ocrx_word' id='word_1_78' title='bbox 379 1276 442 1341; x_wconf 92' lang='lat' dir='ltr'>sint</span> <span class='ocrx_word' id='word_1_79' title='bbox 469 1277 506 1340; x_wconf 90' lang='lat' dir='ltr'>in</span> <span class='ocrx_word' id='word_1_80' title='bbox 527 1277 673 1341; x_wconf 90' lang='lat' dir='ltr'>uanitate</span> <span class='ocrx_word' id='word_1_81' title='bbox 702 1277 816 1341; x_wconf 91' lang='lat' dir='ltr'>mentis</span> <span class='ocrx_word' id='word_1_82' title='bbox 843 1296 928 1356; x_wconf 88' lang='lat' dir='ltr'>suae,</span> <span class='ocrx_word' id='word_1_83' title='bbox 957 1277 1124 1359; x_wconf 86' lang='lat' dir='ltr'>insensati,</span> <span class='ocrx_word' id='word_1_84' title='bbox 1153 1278 1288 1344; x_wconf 87' lang='lat' dir='ltr'>alienati</span> 
     </span>
     <span class='ocr_line' id='line_1_10' title="bbox 167 1379 1285 1463; baseline 0 -18"><span class='ocrx_word' id='word_1_85' title='bbox 167 1401 189 1445; x_wconf 93' lang='lat' dir='ltr'>a</span> <span class='ocrx_word' id='word_1_86' title='bbox 209 1380 280 1446; x_wconf 87' lang='lat' dir='ltr'>uita</span> <span class='ocrx_word' id='word_1_87' title='bbox 301 1381 353 1445; x_wconf 84' lang='lat' dir='ltr'>dei</span> <span class='ocrx_word' id='word_1_88' title='bbox 368 1400 432 1460; x_wconf 88' lang='lat' dir='ltr'>per</span> <span class='ocrx_word' id='word_1_89' title='bbox 453 1379 635 1445; x_wconf 86' lang='lat' dir='ltr'>eaecitatem</span> <span class='ocrx_word' id='word_1_90' title='bbox 657 1380 760 1444; x_wconf 81' lang='lat' dir='ltr'>cardis</span> <span class='ocrx_word' id='word_1_91' title='bbox 781 1380 933 1460; x_wconf 89' lang='lat' dir='ltr'>ipsorum.</span> <span class='ocrx_word' id='word_1_92' title='bbox 970 1379 1094 1462; x_wconf 90' lang='lat' dir='ltr'>quenda</span> <span class='ocrx_word' id='word_1_93' title='bbox 1118 1398 1191 1463; x_wconf 84' lang='lat' dir='ltr'>ergo</span> <span class='ocrx_word' id='word_1_94' title='bbox 1207 1382 1285 1445; x_wconf 85' lang='lat' dir='ltr'>haec</span> 
     </span>
    </p>
   </div>
   <div class='ocr_carea' id='block_1_3' title="bbox 129 1480 1394 1567">
    <p class='ocr_par' dir='ltr' id='par_1_3' title="bbox 129 1480 1394 1567">
     <span class='ocr_line' id='line_1_11' title="bbox 129 1480 1394 1567; baseline 0.004 -22"><span class='ocrx_word' id='word_1_95' title='bbox 129 1505 155 1546; x_wconf 83' lang='lat' dir='ltr'>ro</span> <span class='ocrx_word' id='word_1_96' title='bbox 166 1482 287 1548; x_wconf 87' lang='lat' dir='ltr'>caecati</span> <span class='ocrx_word' id='word_1_97' title='bbox 310 1500 419 1565; x_wconf 85' lang='lat' dir='ltr'>gerere</span> <span class='ocrx_word' id='word_1_98' title='bbox 442 1481 536 1547; x_wconf 90' lang='lat' dir='ltr'>corde</span> <span class='ocrx_word' id='word_1_99' title='bbox 552 1499 629 1546; x_wconf 93' lang='lat' dir='ltr'>uoce</span> <span class='ocrx_word' id='word_1_100' title='bbox 646 1482 778 1565; x_wconf 92' lang='lat' dir='ltr'>apostoli</span> <span class='ocrx_word' id='word_1_101' title='bbox 793 1480 1030 1547; x_wconf 80' lang='lat' dir='ltr'>manifestentur</span> <span class='ocrx_word' id='word_1_102' title='bbox 1047 1500 1127 1565; x_wconf 90' lang='lat' dir='ltr'>quae</span> <span class='ocrx_word' id='word_1_103' title='bbox 1141 1484 1177 1548; x_wconf 92' lang='lat' dir='ltr'>tu</span> <span class='ocrx_word' id='word_1_104' title='bbox 1192 1485 1286 1567; x_wconf 85' lang='lat' dir='ltr'>geris,</span> <span class='ocrx_word' id='word_1_105' title='bbox 1392 1504 1394 1509; x_wconf 55' lang='lat'><strong>⁴</strong></span> 
     </span>
    </p>
   </div>
   <div class='ocr_carea' id='block_1_4' title="bbox 125 1584 1286 3838">
    <p class='ocr_par' dir='ltr' id='par_1_4' title="bbox 125 1584 1286 3838">
     <span class='ocr_line' id='line_1_12' title="bbox 167 1584 1286 1671; baseline 0.002 -21"><span class='ocrx_word' id='word_1_106' title='bbox 167 1603 229 1668; x_wconf 87' lang='lat' dir='ltr'>qua</span> <span class='ocrx_word' id='word_1_107' title='bbox 249 1585 350 1651; x_wconf 88' lang='lat' dir='ltr'>fronte</span> <span class='ocrx_word' id='word_1_108' title='bbox 375 1585 473 1649; x_wconf 87' lang='lat' dir='ltr'>eudes</span> <span class='ocrx_word' id='word_1_109' title='bbox 496 1585 580 1649; x_wconf 85' lang='lat' dir='ltr'>senis</span> <span class='ocrx_word' id='word_1_110' title='bbox 595 1586 689 1650; x_wconf 90' lang='lat' dir='ltr'>eorde</span> <span class='ocrx_word' id='word_1_111' title='bbox 706 1603 742 1649; x_wconf 88' lang='lat' dir='ltr'>ac</span> <span class='ocrx_word' id='word_1_112' title='bbox 757 1585 861 1649; x_wconf 92' lang='lat' dir='ltr'>mente</span> <span class='ocrx_word' id='word_1_113' title='bbox 878 1584 999 1649; x_wconf 89' lang='lat' dir='ltr'>dicere:</span> <span class='ocrx_word' id='word_1_114' title='bbox 1022 1589 1164 1671; x_wconf 76' lang='lat' dir='ltr'>errastis,</span> <span class='ocrx_word' id='word_1_115' title='bbox 1190 1586 1286 1652; x_wconf 78' lang='lat' dir='ltr'>fallax</span> 
     </span>
     <span class='ocr_line' id='line_1_13' title="bbox 166 1688 1283 1770; baseline 0.003 -18"><span class='ocrx_word' id='word_1_116' title='bbox 166 1689 348 1754; x_wconf 90' lang='lat' dir='ltr'>ueracibus:</span> <span class='ocrx_word' id='word_1_117' title='bbox 371 1688 534 1753; x_wconf 75' lang='lat' dir='ltr'>mendaces</span> <span class='ocrx_word' id='word_1_118' title='bbox 555 1689 656 1753; x_wconf 77' lang='lat' dir='ltr'>estis?</span> <span class='ocrx_word' id='word_1_119' title='bbox 680 1688 848 1770; x_wconf 88' lang='lat' dir='ltr'>apostolus,</span> <span class='ocrx_word' id='word_1_120' title='bbox 871 1689 952 1752; x_wconf 89' lang='lat' dir='ltr'>sicat</span> <span class='ocrx_word' id='word_1_121' title='bbox 974 1693 1017 1753; x_wconf 87' lang='lat' dir='ltr'>cst</span> <span class='ocrx_word' id='word_1_122' title='bbox 1038 1690 1171 1767; x_wconf 89' lang='lat' dir='ltr'>ueritas,</span> <span class='ocrx_word' id='word_1_123' title='bbox 1196 1690 1283 1769; x_wconf 91' lang='lat' dir='ltr'>dicit,</span> 
     </span>
     <span class='ocr_line' id='line_1_14' title="bbox 163 1791 1285 1875; baseline 0.003 -21"><span class='ocrx_word' id='word_1_124' title='bbox 163 1792 201 1855; x_wconf 92' lang='lat' dir='ltr'>in</span> <span class='ocrx_word' id='word_1_125' title='bbox 212 1793 297 1874; x_wconf 87' lang='lat' dir='ltr'>Iesu,</span> <span class='ocrx_word' id='word_1_126' title='bbox 308 1793 492 1875; x_wconf 74' lang='lat' dir='ltr'>deportantes</span> <span class='ocrx_word' id='word_1_127' title='bbox 502 1791 673 1856; x_wconf 85' lang='lat' dir='ltr'>seeundum</span> <span class='ocrx_word' id='word_1_128' title='bbox 678 1792 857 1873; x_wconf 89' lang='lat' dir='ltr'>pristinam</span> <span class='ocrx_word' id='word_1_129' title='bbox 868 1791 1138 1856; x_wconf 87' lang='lat' dir='ltr'>conuersationem</span> <span class='ocrx_word' id='word_1_130' title='bbox 1148 1797 1285 1857; x_wconf 88' lang='lat' dir='ltr'>ueterem</span> 
     </span>
     <span class='ocr_line' id='line_1_15' title="bbox 166 1895 1285 1977; baseline 0 -19"><span class='ocrx_word' id='word_1_131' title='bbox 166 1895 320 1959; x_wconf 82' lang='lat' dir='ltr'>laminam</span> <span class='ocrx_word' id='word_1_132' title='bbox 347 1915 435 1977; x_wconf 89' lang='lat' dir='ltr'>eum,</span> <span class='ocrx_word' id='word_1_133' title='bbox 469 1895 525 1977; x_wconf 77' lang='lat' dir='ltr'>qui</span> <span class='ocrx_word' id='word_1_134' title='bbox 554 1895 768 1976; x_wconf 87' lang='lat' dir='ltr'>corrumpitur</span> <span class='ocrx_word' id='word_1_135' title='bbox 796 1895 968 1960; x_wconf 82' lang='lat' dir='ltr'>secuudum</span> <span class='ocrx_word' id='word_1_136' title='bbox 998 1895 1285 1975; x_wconf 71' lang='lat' dir='ltr'>concupiscentiam</span> 
     </span>
     <span class='ocr_line' id='line_1_16' title="bbox 128 1997 1285 2080; baseline 0.004 -24"><span class='ocrx_word' id='word_1_137' title='bbox 128 2015 152 2056; x_wconf 84' lang='lat' dir='ltr'>a</span> <span class='ocrx_word' id='word_1_138' title='bbox 165 1999 292 2063; x_wconf 79' lang='lat' dir='ltr'>erraris</span> <span class='ocrx_word' id='word_1_139' title='bbox 336 1999 538 2062; x_wconf 77' lang='lat' dir='ltr'>renoramini</span> <span class='ocrx_word' id='word_1_140' title='bbox 565 2002 671 2062; x_wconf 80' lang='lat' dir='ltr'>antem</span> <span class='ocrx_word' id='word_1_141' title='bbox 699 1998 819 2080; x_wconf 88' lang='lat' dir='ltr'>spiritu</span> <span class='ocrx_word' id='word_1_142' title='bbox 844 2017 955 2062; x_wconf 90' lang='lat' dir='ltr'>sensus</span> <span class='ocrx_word' id='word_1_143' title='bbox 983 1997 1082 2062; x_wconf 86' lang='lat' dir='ltr'>uestri</span> <span class='ocrx_word' id='word_1_144' title='bbox 1109 2001 1138 2061; x_wconf 91' lang='lat' dir='ltr'>et</span> <span class='ocrx_word' id='word_1_145' title='bbox 1161 1998 1285 2063; x_wconf 82' lang='lat' dir='ltr'>induite</span> 
     </span>
     <span class='ocr_line' id='line_1_17' title="bbox 164 2099 1283 2182; baseline 0.001 -18"><span class='ocrx_word' id='word_1_146' title='bbox 164 2120 284 2166; x_wconf 89' lang='lat' dir='ltr'>nouum</span> <span class='ocrx_word' id='word_1_147' title='bbox 304 2099 470 2176; x_wconf 80' lang='lat' dir='ltr'>hominem,</span> <span class='ocrx_word' id='word_1_148' title='bbox 493 2101 549 2182; x_wconf 78' lang='lat' dir='ltr'>qui</span> <span class='ocrx_word' id='word_1_149' title='bbox 569 2101 742 2165; x_wconf 82' lang='lat' dir='ltr'>secundum</span> <span class='ocrx_word' id='word_1_150' title='bbox 763 2102 855 2166; x_wconf 69' lang='lat' dir='ltr'>mum</span> <span class='ocrx_word' id='word_1_151' title='bbox 878 2104 1000 2166; x_wconf 86' lang='lat' dir='ltr'>creatus</span> <span class='ocrx_word' id='word_1_152' title='bbox 1015 2105 1059 2165; x_wconf 89' lang='lat' dir='ltr'>est</span> <span class='ocrx_word' id='word_1_153' title='bbox 1073 2101 1111 2164; x_wconf 91' lang='lat' dir='ltr'>in</span> <span class='ocrx_word' id='word_1_154' title='bbox 1125 2101 1283 2165; x_wconf 89' lang='lat' dir='ltr'>iustitium</span> 
     </span>
     <span class='ocr_line' id='line_1_18' title="bbox 164 2203 1284 2286; baseline 0.002 -19"><span class='ocrx_word' id='word_1_155' title='bbox 164 2209 192 2267; x_wconf 88' lang='lat' dir='ltr'>et</span> <span class='ocrx_word' id='word_1_156' title='bbox 213 2203 414 2268; x_wconf 82' lang='lat' dir='ltr'>sanctitatem</span> <span class='ocrx_word' id='word_1_157' title='bbox 436 2207 467 2268; x_wconf 87' lang='lat' dir='ltr'>et</span> <span class='ocrx_word' id='word_1_158' title='bbox 487 2204 663 2270; x_wconf 84' lang='lat' dir='ltr'>ueritatem.</span> <span class='ocrx_word' id='word_1_159' title='bbox 685 2204 871 2286; x_wconf 85' lang='lat' dir='ltr'>deponentes</span> <span class='ocrx_word' id='word_1_160' title='bbox 892 2204 1090 2269; x_wconf 80' lang='lat' dir='ltr'>mendacium</span> <span class='ocrx_word' id='word_1_161' title='bbox 1113 2203 1284 2285; x_wconf 74' lang='lat' dir='ltr'>loquimini</span> 
     </span>
     <span class='ocr_line' id='line_1_19' title="bbox 164 2308 1282 2390; baseline 0 -18"><span class='ocrx_word' id='word_1_162' title='bbox 164 2308 328 2372; x_wconf 85' lang='lat' dir='ltr'>ueritatem</span> <span class='ocrx_word' id='word_1_163' title='bbox 350 2308 565 2389; x_wconf 79' lang='lat' dir='ltr'>unusquisqne</span> <span class='ocrx_word' id='word_1_164' title='bbox 587 2308 630 2372; x_wconf 76' lang='lat' dir='ltr'>ael</span> <span class='ocrx_word' id='word_1_165' title='bbox 647 2309 832 2389; x_wconf 72' lang='lat' dir='ltr'>proximum</span> <span class='ocrx_word' id='word_1_166' title='bbox 853 2327 954 2373; x_wconf 88' lang='lat' dir='ltr'>suum.</span> <span class='ocrx_word' id='word_1_167' title='bbox 978 2308 1032 2372; x_wconf 86' lang='lat' dir='ltr'>ubi</span> <span class='ocrx_word' id='word_1_168' title='bbox 1046 2309 1124 2372; x_wconf 91' lang='lat' dir='ltr'>haec</span> <span class='ocrx_word' id='word_1_169' title='bbox 1139 2308 1282 2390; x_wconf 87' lang='lat' dir='ltr'>praeter-</span> 
     </span>
     <span class='ocr_line' id='line_1_20' title="bbox 164 2410 1282 2494; baseline 0.002 -19"><span class='ocrx_word' id='word_1_170' title='bbox 164 2410 280 2476; x_wconf 88' lang='lat' dir='ltr'>misisti</span> <span class='ocrx_word' id='word_1_171' title='bbox 311 2410 431 2476; x_wconf 83' lang='lat' dir='ltr'>monitu</span> <span class='ocrx_word' id='word_1_172' title='bbox 466 2410 618 2475; x_wconf 87' lang='lat' dir='ltr'>salutaria</span> <span class='ocrx_word' id='word_1_173' title='bbox 650 2429 731 2493; x_wconf 84' lang='lat' dir='ltr'>quae</span> <span class='ocrx_word' id='word_1_174' title='bbox 759 2429 815 2476; x_wconf 85' lang='lat' dir='ltr'>nos</span> <span class='ocrx_word' id='word_1_175' title='bbox 844 2410 1003 2477; x_wconf 89' lang='lat' dir='ltr'>custodire</span> <span class='ocrx_word' id='word_1_176' title='bbox 1035 2410 1177 2476; x_wconf 79' lang='lat' dir='ltr'>hortatur</span> <span class='ocrx_word' id='word_1_177' title='bbox 1206 2430 1282 2494; x_wconf 87' lang='lat' dir='ltr'>epo-</span> 
     </span>
     <span class='ocr_line' id='line_1_21' title="bbox 128 2513 1283 2597; baseline 0.001 -18"><span class='ocrx_word' id='word_1_178' title='bbox 128 2525 152 2566; x_wconf 71' lang='lat'>20</span> <span class='ocrx_word' id='word_1_179' title='bbox 164 2514 284 2580; x_wconf 80' lang='lat' dir='ltr'>stolus?</span> <span class='ocrx_word' id='word_1_180' title='bbox 307 2514 462 2597; x_wconf 92' lang='lat' dir='ltr'>quomodo</span> <span class='ocrx_word' id='word_1_181' title='bbox 476 2514 591 2579; x_wconf 90' lang='lat' dir='ltr'>etenim</span> <span class='ocrx_word' id='word_1_182' title='bbox 604 2514 785 2596; x_wconf 83' lang='lat' dir='ltr'>deposuisse</span> <span class='ocrx_word' id='word_1_183' title='bbox 800 2514 942 2579; x_wconf 90' lang='lat' dir='ltr'>ueterem</span> <span class='ocrx_word' id='word_1_184' title='bbox 951 2513 1110 2579; x_wconf 91' lang='lat' dir='ltr'>hominem</span> <span class='ocrx_word' id='word_1_185' title='bbox 1125 2513 1157 2578; x_wconf 94' lang='lat' dir='ltr'>et</span> <span class='ocrx_word' id='word_1_186' title='bbox 1168 2533 1283 2580; x_wconf 90' lang='lat' dir='ltr'>nouum</span> 
     </span>
     <span class='ocr_line' id='line_1_22' title="bbox 163 2617 1282 2701; baseline 0 -19"><span class='ocrx_word' id='word_1_187' title='bbox 163 2617 321 2682; x_wconf 90' lang='lat' dir='ltr'>hominem</span> <span class='ocrx_word' id='word_1_188' title='bbox 344 2636 426 2696; x_wconf 78' lang='lat' dir='ltr'>eum</span> <span class='ocrx_word' id='word_1_189' title='bbox 450 2618 503 2700; x_wconf 91' lang='lat' dir='ltr'>qui</span> <span class='ocrx_word' id='word_1_190' title='bbox 519 2619 691 2684; x_wconf 92' lang='lat' dir='ltr'>secundum</span> <span class='ocrx_word' id='word_1_191' title='bbox 708 2619 801 2683; x_wconf 90' lang='lat' dir='ltr'>deum</span> <span class='ocrx_word' id='word_1_192' title='bbox 817 2618 867 2698; x_wconf 90' lang='lat' dir='ltr'>sit,</span> <span class='ocrx_word' id='word_1_193' title='bbox 890 2618 1030 2683; x_wconf 89' lang='lat' dir='ltr'>induisse</span> <span class='ocrx_word' id='word_1_194' title='bbox 1044 2618 1173 2700; x_wconf 89' lang='lat' dir='ltr'>reperiri</span> <span class='ocrx_word' id='word_1_195' title='bbox 1187 2619 1243 2701; x_wconf 92' lang='lat' dir='ltr'>pot</span> <span class='ocrx_word' id='word_1_196' title='bbox 1266 2655 1282 2668; x_wconf 91' lang='lat'><strong>·</strong></span> 
     </span>
     <span class='ocr_line' id='line_1_23' title="bbox 165 2720 1283 2803; baseline 0.001 -19"><span class='ocrx_word' id='word_1_197' title='bbox 165 2725 309 2786; x_wconf 76' lang='lat' dir='ltr'>eramus?</span> <span class='ocrx_word' id='word_1_198' title='bbox 331 2722 487 2803; x_wconf 91' lang='lat' dir='ltr'>quomodo</span> <span class='ocrx_word' id='word_1_199' title='bbox 509 2722 671 2786; x_wconf 88' lang='lat' dir='ltr'>manentes</span> <span class='ocrx_word' id='word_1_200' title='bbox 685 2722 717 2786; x_wconf 90' lang='lat' dir='ltr'>in</span> <span class='ocrx_word' id='word_1_201' title='bbox 732 2722 854 2787; x_wconf 85' lang='lat' dir='ltr'>iustitia</span> <span class='ocrx_word' id='word_1_202' title='bbox 869 2722 902 2787; x_wconf 93' lang='lat' dir='ltr'>et</span> <span class='ocrx_word' id='word_1_203' title='bbox 917 2720 1085 2786; x_wconf 89' lang='lat' dir='ltr'>sanctitate</span> <span class='ocrx_word' id='word_1_204' title='bbox 1101 2720 1133 2786; x_wconf 93' lang='lat' dir='ltr'>et</span> <span class='ocrx_word' id='word_1_205' title='bbox 1147 2721 1283 2785; x_wconf 86' lang='lat' dir='ltr'>ueritate</span> 
     </span>
     <span class='ocr_line' id='line_1_24' title="bbox 164 2823 1280 2907; baseline -0.003 -17"><span class='ocrx_word' id='word_1_206' title='bbox 164 2824 325 2907; x_wconf 87' lang='lat' dir='ltr'>conspecti</span> <span class='ocrx_word' id='word_1_207' title='bbox 352 2823 521 2890; x_wconf 82' lang='lat' dir='ltr'>fuissemus</span> <span class='ocrx_word' id='word_1_208' title='bbox 550 2825 603 2907; x_wconf 92' lang='lat' dir='ltr'>qui</span> <span class='ocrx_word' id='word_1_209' title='bbox 630 2825 748 2890; x_wconf 90' lang='lat' dir='ltr'>iniusta</span> <span class='ocrx_word' id='word_1_210' title='bbox 768 2825 875 2889; x_wconf 90' lang='lat' dir='ltr'>tecum</span> <span class='ocrx_word' id='word_1_211' title='bbox 897 2823 1043 2906; x_wconf 87' lang='lat' dir='ltr'>gerentes</span> <span class='ocrx_word' id='word_1_212' title='bbox 1073 2841 1144 2886; x_wconf 90' lang='lat' dir='ltr'>eum</span> <span class='ocrx_word' id='word_1_213' title='bbox 1166 2840 1280 2887; x_wconf 91' lang='lat' dir='ltr'>nouum</span> 
     </span>
     <span class='ocr_line' id='line_1_25' title="bbox 164 2924 1283 3008; baseline -0.001 -18"><span class='ocrx_word' id='word_1_214' title='bbox 164 2926 331 3004; x_wconf 87' lang='lat' dir='ltr'>hominem,</span> <span class='ocrx_word' id='word_1_215' title='bbox 365 2926 419 3008; x_wconf 91' lang='lat' dir='ltr'>qui</span> <span class='ocrx_word' id='word_1_216' title='bbox 442 2926 483 2991; x_wconf 88' lang='lat' dir='ltr'>sit</span> <span class='ocrx_word' id='word_1_217' title='bbox 506 2927 631 2990; x_wconf 89' lang='lat' dir='ltr'>creatus</span> <span class='ocrx_word' id='word_1_218' title='bbox 654 2925 827 2991; x_wconf 90' lang='lat' dir='ltr'>secundnm</span> <span class='ocrx_word' id='word_1_219' title='bbox 850 2925 954 3002; x_wconf 92' lang='lat' dir='ltr'>deum,</span> <span class='ocrx_word' id='word_1_220' title='bbox 990 2924 1227 2991; x_wconf 80' lang='lat' dir='ltr'>extinxissemus</span> <span class='ocrx_word' id='word_1_221' title='bbox 1251 2926 1283 2990; x_wconf 90' lang='lat' dir='ltr'>et</span> 
     </span>
     <span class='ocr_line' id='line_1_26' title="bbox 127 3027 1281 3112; baseline 0.002 -20"><span class='ocrx_word' id='word_1_222' title='bbox 127 3027 252 3094; x_wconf 66' lang='lat' dir='ltr'>²⁵illum</span> <span class='ocrx_word' id='word_1_223' title='bbox 280 3029 436 3107; x_wconf 89' lang='lat' dir='ltr'>ueterem,</span> <span class='ocrx_word' id='word_1_224' title='bbox 472 3028 525 3112; x_wconf 90' lang='lat' dir='ltr'>qui</span> <span class='ocrx_word' id='word_1_225' title='bbox 553 3029 761 3112; x_wconf 89' lang='lat' dir='ltr'>corrumpitur</span> <span class='ocrx_word' id='word_1_226' title='bbox 788 3029 961 3094; x_wconf 90' lang='lat' dir='ltr'>secundnm</span> <span class='ocrx_word' id='word_1_227' title='bbox 991 3029 1104 3094; x_wconf 91' lang='lat' dir='ltr'>erroris</span> <span class='ocrx_word' id='word_1_228' title='bbox 1131 3029 1281 3112; x_wconf 92' lang='lat' dir='ltr'>concupi-</span> 
     </span>
     <span class='ocr_line' id='line_1_27' title="bbox 163 3132 1280 3216; baseline -0.003 -19"><span class='ocrx_word' id='word_1_229' title='bbox 163 3132 325 3211; x_wconf 84' lang='lat' dir='ltr'>scentiam,</span> <span class='ocrx_word' id='word_1_230' title='bbox 347 3133 385 3197; x_wconf 92' lang='lat' dir='ltr'>ut</span> <span class='ocrx_word' id='word_1_231' title='bbox 407 3133 479 3197; x_wconf 90' lang='lat' dir='ltr'>ante</span> <span class='ocrx_word' id='word_1_232' title='bbox 501 3133 756 3215; x_wconf 83' lang='lat' dir='ltr'>corrumpebatur</span> <span class='ocrx_word' id='word_1_233' title='bbox 778 3151 873 3216; x_wconf 84' lang='lat' dir='ltr'>quam</span> <span class='ocrx_word' id='word_1_234' title='bbox 891 3132 986 3198; x_wconf 90' lang='lat' dir='ltr'>deum</span> <span class='ocrx_word' id='word_1_235' title='bbox 1008 3151 1099 3198; x_wconf 92' lang='lat' dir='ltr'>nosse</span> <span class='ocrx_word' id='word_1_236' title='bbox 1116 3132 1280 3214; x_wconf 87' lang='lat' dir='ltr'>coepisset,</span> 
     </span>
     <span class='ocr_line' id='line_1_28' title="bbox 161 3233 1280 3318; baseline -0.001 -20"><span class='ocrx_word' id='word_1_237' title='bbox 161 3233 277 3300; x_wconf 91' lang='lat' dir='ltr'>iterum</span> <span class='ocrx_word' id='word_1_238' title='bbox 297 3235 422 3318; x_wconf 84' lang='lat' dir='ltr'>portare</span> <span class='ocrx_word' id='word_1_239' title='bbox 445 3236 680 3318; x_wconf 78' lang='lat' dir='ltr'>coepissemus?</span> <span class='ocrx_word' id='word_1_240' title='bbox 701 3236 763 3300; x_wconf 92' lang='lat' dir='ltr'>ista</span> <span class='ocrx_word' id='word_1_241' title='bbox 785 3235 901 3301; x_wconf 88' lang='lat' dir='ltr'>etenim</span> <span class='ocrx_word' id='word_1_242' title='bbox 923 3236 1038 3302; x_wconf 88' lang='lat' dir='ltr'>cuncta</span> <span class='ocrx_word' id='word_1_243' title='bbox 1059 3234 1179 3300; x_wconf 85' lang='lat' dir='ltr'>faciunt</span> <span class='ocrx_word' id='word_1_244' title='bbox 1200 3251 1280 3317; x_wconf 90' lang='lat' dir='ltr'>quae</span> 
     </span>
     <span class='ocr_line' id='line_1_29' title="bbox 161 3336 1281 3418; baseline 0 -18"><span class='ocrx_word' id='word_1_245' title='bbox 161 3337 197 3404; x_wconf 90' lang='lat' dir='ltr'>tu</span> <span class='ocrx_word' id='word_1_246' title='bbox 218 3336 298 3403; x_wconf 81' lang='lat' dir='ltr'>fecis</span> <span class='ocrx_word' id='word_1_247' title='bbox 325 3357 385 3404; x_wconf 94' lang='lat' dir='ltr'>non</span> <span class='ocrx_word' id='word_1_248' title='bbox 414 3337 465 3404; x_wconf 92' lang='lat' dir='ltr'>dei</span> <span class='ocrx_word' id='word_1_249' title='bbox 495 3338 668 3417; x_wconf 77' lang='lat' dir='ltr'>domestici,</span> <span class='ocrx_word' id='word_1_250' title='bbox 700 3338 758 3404; x_wconf 91' lang='lat' dir='ltr'>sed</span> <span class='ocrx_word' id='word_1_251' title='bbox 784 3338 939 3405; x_wconf 86' lang='lat' dir='ltr'>satellites</span> <span class='ocrx_word' id='word_1_252' title='bbox 970 3337 1159 3404; x_wconf 82' lang='lat' dir='ltr'>antichristi:</span> <span class='ocrx_word' id='word_1_253' title='bbox 1185 3337 1281 3418; x_wconf 79' lang='lat' dir='ltr'>‹lepo-</span> 
     </span>
     <span class='ocr_line' id='line_1_30' title="bbox 162 3439 1280 3523; baseline -0.004 -17"><span class='ocrx_word' id='word_1_254' title='bbox 162 3445 270 3506; x_wconf 86' lang='lat' dir='ltr'>neutes</span> <span class='ocrx_word' id='word_1_255' title='bbox 296 3442 497 3507; x_wconf 82' lang='lat' dir='ltr'>menducium</span> <span class='ocrx_word' id='word_1_256' title='bbox 520 3441 688 3523; x_wconf 78' lang='lat' dir='ltr'>loquimini</span> <span class='ocrx_word' id='word_1_257' title='bbox 710 3441 877 3507; x_wconf 88' lang='lat' dir='ltr'>ueritatem</span> <span class='ocrx_word' id='word_1_258' title='bbox 898 3442 1114 3523; x_wconf 79' lang='lat' dir='ltr'>unusquisque</span> <span class='ocrx_word' id='word_1_259' title='bbox 1137 3439 1182 3504; x_wconf 74' lang='lat' dir='ltr'>ael</span> <span class='ocrx_word' id='word_1_260' title='bbox 1200 3456 1280 3520; x_wconf 87' lang='lat' dir='ltr'>pro·</span> 
     </span>
     <span class='ocr_line' id='line_1_31' title="bbox 125 3540 1280 3626; baseline -0.001 -19"><span class='ocrx_word' id='word_1_261' title='bbox 125 3543 286 3608; x_wconf 78' lang='lat' dir='ltr'>animum</span> <span class='ocrx_word' id='word_1_262' title='bbox 312 3563 415 3624; x_wconf 89' lang='lat' dir='ltr'>snum,</span> <span class='ocrx_word' id='word_1_263' title='bbox 449 3545 525 3626; x_wconf 76' lang='lat' dir='ltr'>quia</span> <span class='ocrx_word' id='word_1_264' title='bbox 552 3563 663 3610; x_wconf 87' lang='lat' dir='ltr'>sumus</span> <span class='ocrx_word' id='word_1_265' title='bbox 689 3545 827 3611; x_wconf 86' lang='lat' dir='ltr'>inuicem</span> <span class='ocrx_word' id='word_1_266' title='bbox 854 3543 1004 3610; x_wconf 79' lang='lat' dir='ltr'>membra.</span> <span class='ocrx_word' id='word_1_267' title='bbox 1049 3543 1077 3609; x_wconf 93' lang='lat' dir='ltr'>si</span> <span class='ocrx_word' id='word_1_268' title='bbox 1104 3540 1218 3608; x_wconf 87' lang='lat' dir='ltr'>fuisses</span> <span class='ocrx_word' id='word_1_269' title='bbox 1241 3542 1280 3606; x_wconf 93' lang='lat' dir='ltr'>de</span> 
     </span>
     <span class='ocr_line' id='line_1_32' title="bbox 164 3645 1281 3730; baseline 0.001 -20"><span class='ocrx_word' id='word_1_270' title='bbox 164 3646 317 3712; x_wconf 88' lang='lat' dir='ltr'>ecclesiae</span> <span class='ocrx_word' id='word_1_271' title='bbox 340 3645 392 3712; x_wconf 94' lang='lat' dir='ltr'>dei</span> <span class='ocrx_word' id='word_1_272' title='bbox 413 3646 573 3726; x_wconf 88' lang='lat' dir='ltr'>membris,</span> <span class='ocrx_word' id='word_1_273' title='bbox 595 3646 673 3712; x_wconf 91' lang='lat' dir='ltr'>mihi</span> <span class='ocrx_word' id='word_1_274' title='bbox 688 3648 782 3712; x_wconf 90' lang='lat' dir='ltr'>crede</span> <span class='ocrx_word' id='word_1_275' title='bbox 797 3647 882 3730; x_wconf 85' lang='lat' dir='ltr'>quod</span> <span class='ocrx_word' id='word_1_276' title='bbox 896 3666 1066 3729; x_wconf 90' lang='lat' dir='ltr'>numquam</span> <span class='ocrx_word' id='word_1_277' title='bbox 1081 3647 1281 3712; x_wconf 90' lang='lat' dir='ltr'>mendacium</span> 
     </span>
     <span class='ocr_line' id='line_1_33' title="bbox 162 3748 1280 3838; baseline -0.002 -24"><span class='ocrx_word' id='word_1_278' title='bbox 162 3749 344 3830; x_wconf 85' lang='lat' dir='ltr'>pertulisses</span> <span class='ocrx_word' id='word_1_279' title='bbox 369 3749 409 3813; x_wconf 89' lang='lat' dir='ltr'>ad</span> <span class='ocrx_word' id='word_1_280' title='bbox 432 3749 615 3825; x_wconf 68' lang='lat' dir='ltr'>ecclesiam</span> <span class='ocrx_word' id='word_1_281' title='bbox 642 3751 744 3838; x_wconf 86' lang='lat' dir='ltr'>&lt;ni&gt;si</span> <span class='ocrx_word' id='word_1_282' title='bbox 767 3750 841 3834; x_wconf 90' lang='lat' dir='ltr'>quie</span> <span class='ocrx_word' id='word_1_283' title='bbox 863 3750 905 3816; x_wconf 89' lang='lat' dir='ltr'>sis</span> <span class='ocrx_word' id='word_1_284' title='bbox 927 3751 1012 3815; x_wconf 92' lang='lat' dir='ltr'>illius</span> <span class='ocrx_word' id='word_1_285' title='bbox 1026 3751 1129 3828; x_wconf 87' lang='lat' dir='ltr'>homo,</span> <span class='ocrx_word' id='word_1_286' title='bbox 1153 3749 1206 3832; x_wconf 83' lang='lat' dir='ltr'>qui</span> <span class='ocrx_word' id='word_1_287' title='bbox 1222 3748 1280 3813; x_wconf 88' lang='lat' dir='ltr'>de—</span> 
     </span>
    </p>
   </div>
   <div class='ocr_carea' id='block_1_5' title="bbox 264 3934 780 4006">
    <p class='ocr_par' dir='ltr' id='par_1_5' title="bbox 264 3934 780 4006">
     <span class='ocr_line' id='line_1_34' title="bbox 264 3934 780 4006; baseline -0.004 -13"><span class='ocrx_word' id='word_1_288' title='bbox 264 3935 365 4006; x_wconf 81' lang='lat' dir='ltr'>enpn.</span> <span class='ocrx_word' id='word_1_289' title='bbox 382 3938 408 4001; x_wconf 80' lang='lat'>4,</span> <span class='ocrx_word' id='word_1_290' title='bbox 428 3939 460 3994; x_wconf 91' lang='lat' dir='ltr'>1e</span> <span class='ocrx_word' id='word_1_291' title='bbox 530 3936 563 3990; x_wconf 83' lang='lat'>12</span> <span class='ocrx_word' id='word_1_292' title='bbox 580 3934 616 3991; x_wconf 82' lang='lat' dir='ltr'>re.</span> <span class='ocrx_word' id='word_1_293' title='bbox 634 3936 660 4000; x_wconf 85' lang='lat'>4,</span> <span class='ocrx_word' id='word_1_294' title='bbox 679 3935 780 3991; x_wconf 81' lang='lat' dir='ltr'>au-ee</span> 
     </span>
    </p>
   </div>
   <div class='ocr_carea' id='block_1_6' title="bbox 162 4106 1281 4348">
    <p class='ocr_par' dir='ltr' id='par_1_6' title="bbox 162 4106 1281 4348">
     <span class='ocr_line' id='line_1_35' title="bbox 213 4106 1281 4178; baseline 0.002 -17"><span class='ocrx_word' id='word_1_295' title='bbox 213 4108 243 4161; x_wconf 90' lang='lat'>11</span> <span class='ocrx_word' id='word_1_296' title='bbox 264 4108 388 4162; x_wconf 78' lang='lat' dir='ltr'>erreestis</span> <span class='ocrx_word' id='word_1_297' title='bbox 476 4107 509 4162; x_wconf 83' lang='lat'>18</span> <span class='ocrx_word' id='word_1_298' title='bbox 525 4107 789 4178; x_wconf 81' lang='lat' dir='ltr'>praetermisissemus</span> <span class='ocrx_word' id='word_1_299' title='bbox 805 4112 839 4163; x_wconf 86' lang='lat' dir='ltr'>nt</span> <span class='ocrx_word' id='word_1_300' title='bbox 855 4123 875 4160; x_wconf 85' lang='lat' dir='ltr'>u</span> <span class='ocrx_word' id='word_1_301' title='bbox 893 4106 1020 4176; x_wconf 89' lang='lat' dir='ltr'>quomodo</span> <span class='ocrx_word' id='word_1_302' title='bbox 1038 4109 1136 4162; x_wconf 87' lang='lat' dir='ltr'>etenim</span> <span class='ocrx_word' id='word_1_303' title='bbox 1153 4109 1281 4164; x_wconf 77' lang='lat' dir='ltr'>ermntiu</span> 
     </span>
     <span class='ocr_line' id='line_1_36' title="bbox 162 4192 1280 4264; baseline 0.003 -16"><span class='ocrx_word' id='word_1_304' title='bbox 162 4201 221 4249; x_wconf 87' lang='lat' dir='ltr'>tum</span> <span class='ocrx_word' id='word_1_305' title='bbox 235 4194 396 4264; x_wconf 82' lang='lat' dir='ltr'>principale</span> <span class='ocrx_word' id='word_1_306' title='bbox 417 4195 538 4264; x_wconf 82' lang='lat' dir='ltr'>mcipiat</span> <span class='ocrx_word' id='word_1_307' title='bbox 558 4193 730 4249; x_wconf 77' lang='lat' dir='ltr'>Gallamdiue</span> <span class='ocrx_word' id='word_1_308' title='bbox 832 4192 865 4247; x_wconf 84' lang='lat'>21</span> <span class='ocrx_word' id='word_1_309' title='bbox 883 4193 1009 4262; x_wconf 89' lang='lat' dir='ltr'>repperiri</span> <span class='ocrx_word' id='word_1_310' title='bbox 1093 4194 1127 4249; x_wconf 87' lang='grc'>24</span> <span class='ocrx_word' id='word_1_311' title='bbox 1145 4195 1280 4251; x_wconf 70' lang='lat' dir='ltr'>extinctis</span> 
     </span>
     <span class='ocr_line' id='line_1_37' title="bbox 162 4277 946 4348; baseline 0.004 -17"><span class='ocrx_word' id='word_1_312' title='bbox 162 4294 247 4332; x_wconf 89' lang='lat' dir='ltr'>semus</span> <span class='ocrx_word' id='word_1_313' title='bbox 315 4277 349 4332; x_wconf 84' lang='grc'>32</span> <span class='ocrx_word' id='word_1_314' title='bbox 367 4278 419 4333; x_wconf 91' lang='lat' dir='ltr'>nisi</span> <span class='ocrx_word' id='word_1_315' title='bbox 435 4279 546 4348; x_wconf 84' lang='lat' dir='ltr'>scripsi,</span> <span class='ocrx_word' id='word_1_316' title='bbox 565 4278 588 4332; x_wconf 89' lang='lat' dir='ltr'>ei</span> <span class='ocrx_word' id='word_1_317' title='bbox 609 4279 640 4342; x_wconf 89' lang='lat' dir='ltr'>V,</span> <span class='ocrx_word' id='word_1_318' title='bbox 659 4277 706 4332; x_wconf 89' lang='lat' dir='ltr'>sed</span> <span class='ocrx_word' id='word_1_319' title='bbox 723 4277 946 4335; x_wconf 64' lang='lat' dir='ltr'>contitutionis</span> 
     </span>
    </p>
   </div>
   <div class='ocr_carea' id='block_1_7' title="bbox 0 0 1430 4754">
    <p class='ocr_par' dir='ltr' id='par_1_7' title="bbox 0 0 1430 4754">
     <span class='ocr_line' id='line_1_38' title="bbox 0 0 1430 4754; baseline 0 2"><span class='ocrx_word' id='word_1_320' title='bbox 0 0 1430 4754; x_wconf 95' lang='lat' dir='ltr'> </span> 
     </span>
    </p>
   </div>
  </div>
 </body>
</html>
