2850 4754
592 415 611 426 ”
625 409 809 479 Epistulae.
903 366 905 372 Α
1216 412 1280 477 325

160 595 304 660 tenentos
334 596 539 679 apostolicam
566 597 766 663 traditionem
796 599 902 663 uiuere
931 599 1018 662 iuxta
1047 597 1170 662 diuinae
1197 599 1278 681 legis
1373 672 1374 676 Ἰ

161 698 320 777 mandata
343 702 380 764 ut
400 701 555 782 possimus
575 703 740 767 uobiscum
761 703 892 766 inueniri
913 703 944 766 in
968 703 1060 766 choro
1075 701 1139 779 illo,
1162 701 1194 764 in
1217 720 1277 782 quo

161 820 241 865 nunc
266 801 406 867 exultant
419 804 614 885 patriarchae
630 805 798 886 prophetae
816 805 947 887 apostoli
964 823 999 868 ac
1017 805 1178 887 martyres.
1200 803 1279 867 licat

161 903 258 986 igitur
280 903 412 969 Arriana
433 906 556 970 insania
578 925 649 970 cum
674 901 821 971 extranea
842 907 982 989 potentia
1003 907 1049 970 ita
1072 925 1105 970 se
1120 905 1277 992 mouebat,

136 1005 198 1069 sut
212 1025 271 1070 non
287 1007 399 1072 liceret
413 1020 470 1073 nec
485 1008 607 1088 fratres,
625 1012 775 1092 quantum
790 1011 838 1075 illi
853 1010 1044 1087 saeuiebant,
1059 1009 1156 1073 libere
1175 1027 1279 1073 aerem

163 1109 281 1187 uidere,
304 1109 410 1175 tamen
433 1112 521 1176 iuxta
537 1113 691 1178 orationes
706 1114 778 1178 tuas
794 1113 853 1178 deo
869 1113 995 1177 fauente
1011 1112 1070 1177 etsi
1085 1130 1156 1175 cum
1171 1111 1280 1175 labore

162 1212 195 1274 et
210 1212 349 1293 periculo
365 1213 473 1279 uidere
488 1215 576 1296 potui
591 1214 729 1293 tratrem,
747 1217 799 1298 qui
815 1216 896 1280 solet
909 1217 976 1280 tam
991 1209 1170 1279 necessaria
1184 1232 1278 1294 quam
1309 1203 1314 1216 ’

163 1311 314 1396 epistulas
335 1317 402 1381 tarn
425 1318 601 1381 sanctitatis
623 1319 697 1382 tuae
720 1318 815 1401 quam
839 1317 973 1400 aliorum¹
994 1317 1158 1381 destinare.
1184 1333 1278 1380 acce-

162 1417 265 1498 pimus
287 1418 394 1500 itaquo
418 1419 568 1501 epistulas
599 1419 631 1482 et
651 1419 748 1483 libros
770 1419 1026 1501 religiosissimae
1050 1436 1085 1482 ac
1110 1416 1279 1500 sapientis·

124 1538 147 1578 ιο
162 1519 260 1585 simae
274 1522 395 1586 animae
406 1522 490 1598 tuae,
502 1521 533 1584 in
542 1521 653 1602 quibus
661 1521 874 1603 perspeximus
885 1522 1053 1605 imaginem
1066 1521 1279 1603 apostolicam,
1375 1550 1377 1554 ·

161 1622 312 1688 fiduciam
334 1624 558 1706 propheticam,
580 1624 797 1706 magisterium
819 1625 971 1702 ueritatis,
993 1625 1170 1689 doctrinam
1185 1642 1278 1688 uerae

160 1726 247 1805 fidei,
270 1729 356 1791 uiam
379 1727 559 1804 caelestem,
589 1728 729 1812 martyrii
752 1727 893 1810 gloriam,
917 1728 1095 1816 triumphos
1127 1723 1280 1790 aduersus

161 1830 325 1896 haeresem
348 1831 523 1907 Anianam,
545 1831 747 1895 traditionem
768 1831 923 1913 integram
946 1833 1069 1913 patrum
1092 1831 1278 1906 nostrorum,

160 1935 304 2016 regulam
325 1936 445 1998 rectam
469 1931 677 1999 ecclesiastici
693 1934 819 1998 ordinis.
844 1946 950 1998 ouere
965 1933 1099 2010 Lucifer,
1124 1932 1177 2015 qui
1191 1932 1280 1996 iuxta

123 2040 148 2079 ¹⁶
161 2045 273 2101 nomen
295 2036 401 2101 lumen
422 2037 566 2101 ueritatis
587 2036 690 2100 ferens
717 2035 848 2118 posuisti
872 2055 964 2117 super
986 2036 1218 2111 candelabrum,
1242 2034 1279 2096 ut

159 2140 269 2206 luceat
291 2140 443 2204 omnibus.
474 2139 543 2220 quis
567 2140 656 2203 enim
672 2138 809 2220 exceptis
832 2138 971 2202 Arrianis
993 2158 1052 2204 nou
1075 2138 1219 2221 pemidet
1242 2155 1279 2201 or

159 2245 217 2307 tua
232 2243 374 2308 doctrina
385 2247 493 2306 ueram
506 2241 632 2323 quidem
644 2241 750 2319 fidem,
766 2242 925 2305 maculam
937 2244 1042 2306 autem
1054 2238 1279 2305 Arrianorum‘?

160 2346 255 2410 ualde
279 2347 311 2410 et
334 2344 568 2421 admirabiliter,
592 2346 627 2408 ut
650 2346 698 2409 est
719 2345 824 2409 lumen
849 2364 867 2409 a
888 2346 1035 2422 tenebris,
1058 2344 1104 2408 ita
1126 2342 1276 2424 separast‘
1344 2353 1349 2363 ’

131 2499 134 2505 ,
160 2468 200 2513 ue
220 2449 329 2513 'tatem
358 2466 376 2511 a
398 2447 584 2511 calliditate
602 2448 634 2522 et
660 2448 815 2531 hypocrisi
844 2449 1081 2525 haereticorum,
1112 2445 1279 2510 defendisti

122 2565 147 2604 2⁰
160 2551 349 2615 catholicam
374 2550 549 2627 ecclesiam,
572 2551 711 2631 probasti
733 2550 811 2616 nihil
834 2536 902 2615 esse
926 2551 982 2615 sed
1004 2552 1126 2615 tantum
1141 2551 1277 2631 phanta-

161 2655 240 2718 siam
263 2653 464 2718 Am‘anorum
480 2653 586 2730 uerba,
611 2652 746 2716 docuisti
761 2652 929 2717 calcandos
945 2673 1013 2718 essa
1029 2653 1189 2718 frendores
1207 2651 1277 2715 dia-

160 2757 296 2821 bolicos'
315 2775 408 2838 quam
429 2756 511 2820 bona
534 2741 721 2819 etioounda
742 2755 938 2820 hortamenta
952 2756 1008 2819 tua
1031 2757 1071 2819 ad
1085 2753 1277 2838 martyrium,

162 2879 256 2940 quam
281 2859 600 2923 desiderantissimam
630 2858 794 2924 ostendisti
823 2858 956 2923 mortem
985 2856 1057 2924 esse¹
1075 2878 1130 2941 pro
1154 2857 1279 2924 Christo

160 2962 225 3026 fiho
251 2962 311 3040 dei,
335 2981 429 3045 quam
450 2960 547 3026 futuri
569 2962 689 3027 saeculi
713 2962 744 3027 at
758 2960 1005 3052 uitaeca'elestis
1022 2981 1159 3026 amorem
1175 2960 1279 3026 mani·

122 3074 147 3115 2⁵
161 3064 299 3130 festasti!
323 3064 441 3128 uideris
457 3083 525 3129 esse
541 3085 650 3144 uerum
667 3063 819 3147 templum
836 3063 1001 3130 saluatoris
1024 3063 1123 3147 quiin
1138 3066 1170 3130 te
1185 3062 1278 3130 habi-

158 3167 232 3232 taus
247 3169 324 3233 haec
338 3168 407 3249 ipse
421 3187 476 3249 per
490 3169 525 3232 te
539 3169 686 3250 loquitur,
702 3169 769 3250 ipse
786 3169 838 3250 qui
848 3169 970 3233 tantam
985 3169 1120 3250 gratiam
1132 3165 1280 3250 praebuit

161 3270 355 3335 sermonibus
376 3270 449 3347 tuis,
481 3270 593 3351 quippe
623 3269 771 3352 quiante
795 3288 863 3334 eras
888 3268 970 3351 apud
993 3282 1111 3335 omnes·
1124 3270 1277 3347 amabilis,

160 3390 241 3438 nunc
264 3373 370 3436 tamen
392 3372 499 3436 tantus
523 3373 571 3442 est
587 3391 673 3437 amor
690 3373 860 3437 affectionis
874 3374 949 3437 tuae
965 3374 997 3437 in
1013 3371 1125 3437 animis
1141 3372 1278 3437 omnium

161 3474 352 3552 conlocatus,
376 3476 411 3537 ut
432 3475 558 3538 Heliam
579 3475 612 3538 te
634 3476 827 3557 temporibus
843 3477 956 3541 uostris
972 3478 1138 3541 nominent.
1164 3478 1195 3539 et
1218 3495 1277 3540 nou

121 3585 147 3626 ³⁰
160 3577 290 3652 mirum3
314 3578 340 3642 si
364 3578 445 3643 onim
469 3577 521 3659 qui
545 3577 602 3641 deo
618 3577 743 3659 placere
766 3578 913 3644 uidentur
928 3579 986 3643 tilii
1003 3579 1053 3643 dei
1069 3579 1278 3660 nominantur,

212 3798 245 3849 14
263 3798 336 3851 iuxta
353 3814 448 3851 nomen
459 3799 593 3868 ploosemo
611 3800 692 3852 babet
707 3800 876 3855 Goliacdios
947 3801 979 3853 15
996 3803 1080 3855 lucem
1092 3801 1209 3870 Pospebr.
1288 3856 1290 3862 ,
1389 3827 1392 3833 ·

161 3884 193 3937 16
210 3883 300 3937 luceas
320 3885 385 3938 Vero.
487 3884 615 3952 peruidet‚
635 3875 703 3954 quod
722 3901 751 3939 ex
768 3915 803 3926 —
819 3888 987 3941 Armanorum
1003 3886 1081 3939 ualde
1098 3917 1133 3926 -
1150 3877 1279 3955 separasti

158 3984 183 4024 u.
203 3985 219 4021 a
237 3985 258 4024 o.
278 3971 339 4022 eta
362 3969 493 4038 pronitate
517 3952 707 4025 haereticorum
729 3973 773 4025 ito
796 3973 893 4026 scribit
917 3979 943 4026 et
961 3973 1113 4042 disttopoit
1132 3973 1210 4038 Obiff.

160 4055 193 4109 18
211 4055 299 4109 aalide
317 4056 436 4125 Popebr.
523 4057 555 4110 19
572 4056 719 4126 hypochrisi
804 4057 838 4111 20
855 4058 997 4112 fantasiam
1083 4057 1113 4110 21
1133 4057 1286 4127 frendores}

156 4141 289 4211 praesides
303 4141 381 4208 Obiff.
450 4142 484 4196 23
502 4142 740 4198 desiderantissima
760 4146 787 4212 (a
804 4161 838 4198 ccc
857 4161 870 4197 e
888 4163 921 4199 m.
939 4147 967 4213 1)
985 4147 1014 4213 V,
1033 4144 1276 4198 desiderantissime

160 4226 240 4294 chiffl
336 4226 497 4281 moriendum
515 4245 571 4283 esse
591 4230 670 4296 Oatff.
688 4230 766 4284 codd.
785 4236 811 4283 et
832 4232 896 4286 Vero.
999 4231 1033 4283 25
1049 4248 1111 4285 uere
1130 4230 1208 4298 ccrffi

158 4312 192 4366 26
209 4313 274 4366 haec
292 4313 349 4382 ipsa
367 4313 425 4369 cod.
444 4313 529 4385 Scap.
596 4315 629 4368 27
649 4317 701 4370 suis
723 4317 750 4371 V
763 4322 829 4370 m.1
900 4319 963 4386 aput
1032 4317 1158 4372 amabiles
