2850 4754
357 393 399 446 De
416 406 470 445 non
487 391 618 461 parcendo
636 394 664 448 in
683 392 759 447 deum
778 392 997 462 delinquentibus.
1178 399 1240 463 243

124 581 225 646 dtait:
247 581 354 663 aspice
375 582 413 646 in
435 600 504 646 nos.
541 585 576 646 at
597 579 653 646 ille
673 583 808 664 respexit
829 582 866 647 in
887 602 946 669 eos,
969 602 1102 666 sperans
1123 605 1154 650 se
1175 586 1238 651 ali-

122 683 196 766 quid
218 687 420 767 accepturum
443 685 559 750 abeis.
593 686 642 750 ait
664 691 768 750 autem
791 685 843 750 illi
865 686 997 752 Petrus:
1024 695 1191 772 arpentum
1213 697 1240 754 et

121 805 235 852 ournm
256 807 320 852 non
341 787 444 867 babeo,
466 788 521 852 seol
541 788 624 870 quod
646 787 740 853 babeo
761 787 817 853 boc
833 788 890 854 tibi
903 789 952 871 do,
975 791 1012 854 in
1027 793 1152 858 nominc
1166 796 1240 860 Iesu

121 888 242 956 obnisu
271 891 439 957 Narareni
467 910 561 975 surae
589 896 617 956 et
646 890 784 957 ambula.
823 897 851 957 et
883 893 1078 974 adprehensa
1111 896 1239 962 deutera

115 1013 217 1061 manu
246 995 314 1059 eius
341 995 440 1060 creuit
466 1014 552 1078 eum,
587 995 808 1079 confestimque
836 997 1015 1078 confirmati
1042 1004 1117 1063 sunt
1144 1004 1239 1081 pedes

118 1098 186 1163 eins
208 1101 239 1161 et
255 1097 406 1182 plantae,
435 1102 465 1162 et
492 1098 641 1163 exsiliens
668 1101 752 1163 stetit
780 1104 808 1164 et
837 1100 1017 1164 ambulabat
1044 1107 1072 1166 et
1100 1104 1239 1169 intrauit

119 1219 189 1265 cnm
211 1199 279 1266 illis
299 1202 337 1266 in
358 1201 510 1283 tenplum
537 1201 706 1266 ambulans
733 1222 770 1268 ao
798 1204 932 1282 saliens,
969 1206 1108 1270 laudans
1134 1208 1236 1273 deum.

118 1308 146 1369 et
167 1304 253 1370 uidit
274 1323 345 1370 enm
367 1305 470 1369 omnis
486 1305 628 1387 populus
650 1304 865 1370 ambulantem
882 1311 910 1369 et
928 1306 1113 1374 laudantem
1134 1311 1235 1392 oleum,

118 1408 387 1491 etcopnoscebont
417 1409 495 1490 quia
522 1409 589 1490 ipse
616 1414 685 1473 erat
719 1410 775 1491 qui
795 1410 846 1474 ad
873 1410 1096 1494 eleemosynam
1117 1416 1240 1480 sedebat

119 1510 167 1576 cd·
183 1512 356 1592 speciosam
372 1515 503 1593 portam
523 1511 644 1594 tempti,
666 1516 695 1575 et
715 1511 827 1593 repleti
848 1517 924 1577 sunt
939 1534 1064 1595 pauore
1086 1522 1114 1581 et
1136 1519 1240 1583 admi-

118 1613 243 1679 ratione
264 1615 301 1677 in
323 1634 357 1679 eo
380 1614 464 1696 quod
486 1615 645 1679 acciderat
665 1615 703 1679 ei.
741 1615 773 1679 et
793 1613 889 1680 infra:
916 1615 1112 1699 loquentibus
1134 1627 1240 1686 autem

117 1716 184 1782 iltis
208 1718 250 1782 ad
271 1717 425 1798 populum
446 1715 523 1782 boec
544 1718 640 1782 uerba
662 1720 904 1783 insurreooerant
925 1723 1097 1786 sacerdotes
1111 1728 1140 1786 et
1152 1744 1238 1804 pon-

119 1820 197 1901 tifea
219 1820 326 1902 templi
354 1825 383 1884 et
416 1820 597 1887 Sadducaei
624 1821 771 1900 dolentes,
796 1824 879 1904 quod
901 1822 1045 1888 docerent
1067 1825 1189 1905 plebem
1210 1832 1240 1891 et

117 1923 352 1988 adnuntiarent
373 1925 410 1988 in
432 1923 539 1990 Iesum
560 1925 817 1989 resurrectionem
838 1929 1044 2008 mortuorum,
1074 1932 1103 1990 et
1124 1929 1239 1993 iniece-

117 2030 196 2089 runt
209 2025 247 2090 in
261 2045 312 2090 eos
327 2046 444 2091 manus
459 2033 489 2092 et
508 2034 683 2108 posuerunt
697 2029 734 2092 in
750 2029 901 2095 custodia.
932 2030 964 2093 et
979 2029 1075 2094 infra:
1098 2033 1238 2097 uidentes

118 2129 210 2195 Petri
231 2133 444 2196 constantiam
472 2137 501 2196 et
523 2132 682 2198 lobannis
711 2138 739 2197 et
761 2139 906 2215 conperto
929 2136 1010 2216 quod
1025 2134 1164 2199 bomines
1185 2137 1238 2198 in-

115 2235 216 2315 periti
244 2235 311 2298 sint
338 2240 367 2297 et
396 2237 466 2300 sine
501 2235 616 2300 litteris
647 2237 865 2314 mirabantur,
899 2243 1112 2320 capnoscentes
1143 2239 1240 2302 ettam

119 2339 207 2422 illos,
245 2338 323 2420 quia
350 2358 422 2402 cum
449 2339 524 2402 Iesu
551 2345 658 2419 mant,
693 2338 850 2405 bominem
877 2342 974 2404 etiam
1000 2341 1141 2404 uidentes
1169 2361 1241 2404 cum

118 2442 198 2523 ipsis
224 2447 362 2506 stantem
383 2444 439 2524 qui
461 2447 591 2507 curatus
618 2447 697 2523 erat,
729 2443 814 2507 nibil
838 2449 988 2525 poterant
1018 2438 1247 2509 contradicere.'

119 2564 190 2608 cum
219 2546 384 2610 iussissent
412 2550 517 2609 antem
544 2544 618 2610 illos
646 2547 736 2622 foras
765 2551 855 2610 entra
883 2545 1054 2610 concilium
1075 2545 1238 2627 discedere,

119 2647 318 2728 conferebant
344 2649 388 2712 ad
416 2650 553 2713 inumem
583 2650 738 2714 dicentes:
771 2650 848 2730 qnid
874 2651 1030 2731 faciemus
1061 2648 1240 2712 bominibus

119 2749 195 2813 bis?
224 2767 303 2813 nam
323 2750 401 2831 qaia
422 2752 533 2813 nomm
553 2748 675 2830 factum
696 2752 741 2829 est
762 2749 889 2830 sipnum
905 2767 967 2829 per
988 2751 1074 2831 ipsos
1097 2752 1239 2815 omnibus

119 2851 337 2917 babitantibus
352 2850 540 2935 Ierusalem,
563 2853 769 2934 manifestum
790 2855 843 2927 est,
866 2854 896 2914 et
917 2870 979 2915 non
998 2871 1165 2934 possumus
1180 2873 1235 2918 ne-

117 2975 204 3040 pare.
242 2956 295 3020 secl
323 2974 362 3020 ne
389 2956 531 3036 amplius
558 2956 757 3020 innotescant
785 2956 823 3019 in
851 2955 1007 3036 populum
1027 2957 1124 3020 uerba
1151 2957 1236 3038 baec,

119 3059 346 3124 comminemur
367 3057 437 3122 illis
459 3079 498 3122 ne
521 3059 662 3139 amplius
684 3057 857 3139 loquantur
879 3060 916 3122 in
938 3060 1065 3122 nomine
1091 3059 1148 3124 boc
1176 3059 1239 3124 ulli

120 3162 311 3238 mutuam„
339 3162 603 3228 cmsentientibus
636 3167 740 3226 autem
774 3162 918 3226 omnibus
954 3163 1155 3226 accersientes
1189 3180 1239 3227 eos

116 3270 346 3347 praeceperunt
365 3267 450 3351 illis,
485 3287 524 3332 ne
546 3269 674 3331 omnino
699 3261 900 3349 loquerentur
921 3287 1018 3349 neque
1040 3266 1180 3332 docerent
1202 3267 1238 3328 in

120 3371 247 3436 nomme
262 3369 346 3436 Iesu.
368 3369 587 3454 respondentes
602 3374 707 3436 autem
721 3369 835 3434 Petrus
852 3374 879 3434 et
893 3369 1054 3435 Iohannes
1069 3370 1239 3433 dicerunt:

120 3474 149 3537 si
170 3474 291 3537 iustum
313 3478 356 3539 est
378 3493 485 3538 eoram
507 3473 562 3538 deo
584 3493 640 3538 nos
662 3473 773 3539 audire
789 3474 1010 3555 potiusquam
1027 3473 1127 3554 deum,
1149 3471 1237 3535 iudi·

121 3582 203 3658 am
238 3597 303 3641 non
333 3578 418 3642 enim
443 3595 610 3658 possumus
639 3596 697 3642 nos
725 3597 806 3658 quae
835 3577 975 3641 uidimus
1001 3580 1031 3640 et
1051 3574 1239 3661 audiuimus

120 3699 183 3745 non
212 3679 307 3762 boui.
345 3686 380 3745 at
400 3682 453 3746 illi
474 3682 701 3746 comminantes
721 3681 911 3745 dimiserunt
933 3699 990 3764 eos,
1022 3699 1087 3742 non
1109 3679 1239 3742 inueni-

224 3957 255 4010 11
275 3957 334 4010 Aa.
351 3958 377 4020 4,
397 3956 463 4009 1-3
534 3957 566 4008 15
584 3956 619 4010 ib.
637 3956 662 4019 4,
683 3954 781 4007 13-31

172 4218 263 4272 3ieeu
280 4233 301 4272 s.
321 4218 337 4270 l.
356 4222 423 4272 m.1
503 4218 627 4271 tuiliano
703 4215 924 4269 9helemoeincm
998 4213 1030 4266 13
1048 4211 1173 4267 sadducei

120 4323 154 4377 20
173 4322 292 4377 cocilium
372 4320 405 4373 24
422 4294 491 4374 ubba
568 4320 600 4373 31
620 4319 774 4374 dimiserant
791 4335 824 4373 eu
843 4317 964 4371 dixerunt
981 4333 1051 4372 corr.
1069 4333 1104 4370 m.
1124 4316 1172 4370 alt.

1089 4419 1138 4472 16*
