2850 4754
141 397 205 467 214
629 393 781 448 Luciferi

142 587 257 670 fatiem
291 583 495 649 inimieorum
526 602 670 664 suorum,
704 584 800 648 dorsa
829 587 1009 649 eauuerteut
1035 584 1073 647 iu
1100 587 1266 666 uuuspeetu

140 690 350 771 inimieorum,
373 688 452 769 quia
472 686 553 768 faeti
574 691 648 751 suut
670 688 852 754 auatlema.
889 707 955 753 uou
977 707 1028 753 ero
1049 687 1139 752 ultra
1158 685 1265 752 uobis·

143 811 222 871 urms,
244 791 311 856 uisi
331 789 527 855 abstuleritis
549 790 719 855 auatlema
741 811 780 856 eu
801 790 889 856 uobis
909 790 1000 870 ipsis.
1022 810 1124 874 surae,
1143 791 1265 856 sauati-

142 898 204 980 fiea
219 893 376 978 populum
398 898 427 959 et
453 893 513 971 uie,
542 894 756 976 sanctificetur
784 895 822 957 iu
849 894 1038 960 crastiuum.
1074 892 1151 958 haee
1179 895 1266 959 euim

139 1000 217 1066 diait
237 999 383 1065 duuluus
397 995 473 1062 deus
487 994 611 1062 Israel.-
632 995 804 1061 anatliema
826 1001 870 1060 est
892 997 977 1060 iuter
998 1015 1065 1077 uas,
1088 1016 1156 1060 uau
1172 1000 1263 1077 pote·
1289 1025 1300 1064 s

141 1105 214 1168 ritis
241 1103 384 1168 resistere
414 1103 525 1165 aautra
551 1099 702 1164 iuimicus
728 1104 848 1164 uestras
876 1100 1076 1181 usquedum
1106 1097 1265 1181 auferatis

139 1205 309 1272 auuteua
332 1224 370 1268 eu
390 1204 480 1268 uobis
500 1204 591 1286 ipsis.
615 1208 645 1268 et
666 1205 829 1269 eauueuite
850 1223 945 1268 mauu
960 1223 1066 1268 omues
1075 1224 1137 1286 per
1151 1202 1263 1288 trdus,

140 1311 249 1376 eterit
271 1309 371 1373 tulius
393 1327 473 1390 quus
496 1310 620 1371 asteusu
648 1307 747 1388 fuerit
774 1326 867 1371 mauu
888 1327 951 1388 per
979 1307 1086 1385 deum,
1116 1307 1265 1374 adducite

138 1411 327 1501 perutiles,
343 1411 467 1492 plebem
488 1430 584 1492 quam
606 1411 775 1475 ostenderit
791 1411 938 1475 domiuus
953 1412 1059 1492 efferte
1067 1430 1130 1492 uer
1141 1410 1264 1486 uirum,

138 1521 167 1581 et
189 1515 333 1596 quisquis
354 1517 492 1577 osteusus
513 1514 615 1596 fuerit
634 1533 698 1595 per
719 1514 898 1599 domiuum,
928 1513 1121 1579 arerualitur
1142 1513 1214 1595 iani
1236 1517 1300 1578 etu

140 1618 248 1684 emuia
274 1636 355 1697 quae
385 1621 460 1680 suut
487 1616 568 1698 eius,
602 1618 681 1699 quia
712 1621 930 1698 trausyressus
963 1621 1009 1681 est
1041 1619 1264 1680 testamentum

140 1720 261 1788 domiui
282 1723 312 1784 et
332 1720 408 1801 feeit
428 1720 631 1802 iniquitatem
655 1721 690 1784 lu
713 1718 827 1786 Israel.
851 1725 880 1786 et
894 1719 1047 1804 uiyiluuit
1063 1720 1154 1784 Iesus
1168 1738 1264 1787 usaue

140 1829 168 1889 et
188 1823 299 1889 obtulit
315 1824 474 1905 pupulum
492 1844 552 1906 per
574 1824 690 1904 tribus,
714 1828 745 1888 et
764 1828 891 1894 ,ostensa
913 1827 959 1890 est
981 1822 1081 1887 tritus
1103 1822 1200 1888 Iuda.
1235 1825 1263 1886 et

140 1926 239 1992 allati
258 1928 335 1990 suut
358 1945 417 2006 per
442 1925 560 2009 plebes,
594 1931 624 1990 et
645 1931 769 1991 osteusa
791 1931 836 1991 est
852 1925 942 2007 plebs
963 1927 1066 1990 Zara.
1101 1928 1131 1989 et
1152 1924 1264 1990 obtulit

9 2063 11 2066 >
133 2031 256 2117 plebem
270 2031 374 2093 Zarae
389 2047 453 2110 uer
473 2028 593 2109 domus,
617 2034 646 2094 et
668 2034 794 2095 osteusu
814 2034 858 2093 est
879 2031 992 2095 dumus
1007 2028 1142 2094 Iamlri.
1166 2028 1263 2093 etab-
1276 2054 1300 2094 15

137 2134 205 2200 latu
226 2137 271 2197 est
292 2132 404 2196 domus
419 2150 482 2212 per
503 2132 600 2215 uiros,
624 2137 652 2197 et
674 2138 816 2198 osteusus
838 2137 885 2198 est
898 2132 1009 2199 Achae
1021 2132 1111 2216 filius
1127 2131 1264 2202 Olarmi

137 2237 201 2320 filii
222 2234 357 2300 lambri.
380 2238 409 2298 et
430 2233 514 2298 diruit
536 2234 628 2299 Iesus
650 2236 694 2300 ad
707 2236 835 2301 Aelar:
857 2236 902 2300 da
922 2235 1069 2300 louereru
1091 2234 1183 2301 lodie
1204 2236 1263 2301 do-

136 2339 223 2403 miuo
238 2340 294 2404 deo
309 2335 413 2401 Israel
428 2340 456 2400 et
470 2337 512 2400 da
528 2339 751 2420 confessiouem
766 2343 797 2404 et
816 2338 931 2403 iudica
952 2338 1033 2403 utut
1050 2339 1129 2420 quid
1150 2338 1265 2420 feceris-

135 2445 164 2505 et
185 2461 224 2505 ue
246 2440 398 2506 uelaueris
419 2458 476 2505 me.
510 2444 540 2503 et
563 2443 727 2522 respoudit
755 2442 867 2507 Aeliae
895 2443 938 2508 ud
967 2443 1074 2507 Iesum
1101 2447 1129 2506 et
1158 2443 1262 2508 diuit:

134 2565 206 2612 uere
227 2544 363 2626 ueeuaui
393 2547 465 2608 aute
492 2549 687 2627 conspertum
716 2546 838 2610 domiui
866 2548 917 2613 dei
939 2546 1057 2629 Israel,
1095 2544 1206 2610 taliter
1232 2550 1300 2610 etsi

135 2649 243 2714 taliter
263 2647 333 2729 feei.
355 2646 427 2712 uidi
449 2647 486 2711 iu
502 2648 629 2727 praeda
651 2653 768 2713 uestem
782 2650 912 2716 uariam
928 2651 1082 2732 optimam
1096 2653 1125 2714 et
1140 2649 1261 2713 duaeu·

135 2756 170 2816 ta
191 2750 316 2833 aryeuti
343 2749 514 2832 didraqma
536 2754 567 2814 et
588 2751 721 2834 liyularu
741 2771 843 2816 uuam
865 2773 997 2818 auream
1020 2752 1262 2833 quinquaqinta

134 2854 383 2936 didraumorum,
415 2857 445 2917 et
472 2855 641 2935 aaueupiui
661 2875 731 2918 earu
750 2859 780 2918 et
802 2855 928 2939 sustuli,
952 2859 980 2919 et
1002 2874 1067 2919 erae
1088 2853 1165 2918 laea
1187 2855 1261 2919 uls·

139 2956 269 3022 auudita
290 2959 367 3020 suut
387 2956 424 3020 iu
446 2956 648 3022 taleruaaulo
669 2976 734 3022 uuo
755 2962 784 3022 et
805 2961 972 3041 arqautum
1000 2958 1187 3022 abstrusum
1216 2960 1263 3022 est

134 3059 190 3124 sul
211 3059 300 3140 ipsis.
329 3062 359 3122 et
378 3060 468 3123 misit
489 3058 580 3125 Iesus
601 3061 747 3140 nuutios,
770 3064 801 3124 et
822 3066 1027 3126 cucurreruut
1048 3062 1085 3124 iu
1108 3060 1260 3126 talerua-
1274 3083 1299 3124 ss

135 3163 257 3240 rutum,
286 3167 315 3228 et
337 3161 413 3228 lraeu
435 3169 527 3228 eraut
550 3164 732 3229 abscundita
753 3165 790 3229 iu
812 3164 1016 3230 taberuuaulo
1040 3168 1069 3227 et
1090 3167 1262 3246 araerttura

133 3267 189 3332 sul)
210 3266 302 3347 ipsis.
334 3270 363 3329 et
384 3266 526 3331 tulerunt
547 3287 584 3330 ea
606 3267 644 3330 de
666 3267 869 3332 tuleruaeulo
892 3273 921 3332 et
942 3268 1120 3332 attuleruut
1141 3265 1185 3330 ad
1206 3266 1261 3330 Ie·

132 3387 202 3433 sum
234 3371 266 3431 et
296 3367 340 3432 ad
371 3369 509 3432 seuiores
538 3368 643 3434 Israel
675 3374 704 3433 et
727 3374 904 3450 posueruut
930 3391 969 3434 ea
994 3373 1069 3433 aute
1094 3368 1197 3432 deum.
1231 3373 1262 3433 et

132 3469 407 3553 adprehenderuut
427 3469 537 3536 Aelur
556 3471 663 3554 filium
686 3471 821 3538 Olurui
842 3472 1107 3555 etperduueruut
1129 3471 1167 3534 iu
1184 3472 1261 3537 ual-

135 3573 162 3638 le
182 3572 295 3638 Auluar
315 3577 345 3638 et
365 3572 451 3655 filias
472 3574 541 3664 eius
561 3577 590 3638 et
609 3575 698 3657 filias
719 3580 749 3639 et
769 3577 889 3640 uitulus
911 3577 979 3640 eius
993 3579 1023 3638 et
1037 3574 1259 3639 suliuuetoria
1274 3599 1300 3640 u

132 3676 200 3742 eius
227 3680 257 3740 et
281 3695 355 3741 oues
382 3677 451 3741 eius
479 3681 508 3741 et
528 3676 771 3753 tubernaculum
791 3679 860 3743 eius
881 3681 911 3742 et
932 3679 1041 3742 aruuia
1063 3696 1144 3758 quae
1164 3682 1261 3743 eraut

132 3778 207 3842 eius.
231 3783 258 3842 el
280 3779 382 3842 amuis
397 3779 502 3843 Israel
525 3799 596 3844 auu
618 3799 651 3844 eu
674 3784 752 3863 erat,
777 3785 805 3844 et
823 3780 1044 3859 perduxeruut
1066 3799 1115 3844 eas
1129 3780 1168 3844 iu
1184 3781 1260 3844 Me-

131 3881 252 3946 aaelor.
286 3885 315 3944 et
340 3881 426 3946 diuit
452 3882 545 3946 Iesus
577 3883 621 3947 ael
648 3883 776 3949 Aular:
810 3883 887 3965 quid
920 3883 1139 3948 estermiuasti
1171 3884 1261 3947 uos?

182 4141 198 4193 9
217 4139 326 4194 aufferie
397 4139 430 4192 16
448 4140 529 4192 carmi
599 4139 631 4193 21
651 4140 767 4194 ducenta
783 4141 895 4210 seruiat,
914 4140 1040 4193 ducentos
1062 4141 1110 4204 Va,
1128 4139 1259 4194 ducentos

132 4226 208 4280 siclos
231 4228 437 4298 Luyduueuses
540 4225 574 4279 22
599 4225 736 4296 didmgm
759 4228 872 4297 rursusi,
896 4226 1060 4295 didragmum
1082 4226 1129 4294 Vu,
1152 4224 1260 4294 didrag-

131 4326 264 4367 marumu
333 4310 367 4362 23
386 4326 417 4364 eu
435 4311 573 4365 Latiuius
643 4312 677 4366 29
695 4313 775 4366 carmi
843 4312 974 4367 usnemu
