2850 4754
1151 462 1252 512 XXVII

131 651 248 715 666666
281 636 504 698 tormentorum
530 629 697 714 inferenda
725 630 808 695 desis
837 631 1056 711 sequereris
1078 632 1255 712 6666166616

134 735 223 818 (dara
244 734 297 817 V).
338 734 409 822 153,
435 733 459 799 15
488 727 659 826 61166166.
680 731 768 813 fuero
790 733 977 798 6166661666
1001 732 1103 814 fratri
1124 753 1201 817 meo,
1223 735 1253 800 si

132 839 240 903 6116666
269 858 351 902 6666
381 838 423 924 (ei
444 857 486 901 m.
509 836 586 917 rec.)
621 835 748 916 fatuam
783 833 886 920 (fairra
909 834 948 917 V,
983 834 1073 916 fatue
1095 854 1137 900 m.
1159 838 1251 917 rec).

133 939 204 1018 224,
230 938 271 1005 10
293 940 377 1006 idcio
401 939 488 1024 (666
510 936 563 1020 V).
600 936 770 1003 incertiora
798 936 871 1001 sunt
900 954 980 1018 qnae
1007 935 1128 1002 tentari
1157 937 1208 1017 22,
1233 938 1255 1005 8

136 1043 276 1126 (certam
298 1043 363 1125 dei)
387 1038 622 1108 6661666661
643 1041 751 1124 6166116
773 1039 1175 1123 666116666666(-6661),
1198 1039 1253 1107 ubi

135 1143 316 1210 insolentior
345 1145 500 1211 ablatiuus
529 1145 762 1228 comparatiuus
796 1148 851 1229 (ε
872 1144 975 1227 magis
1005 1144 1131 1209 acutum
1159 1163 1253 1227 quam

136 1245 270 1328 gladius
285 1248 498 1330 acutissimus)
522 1248 622 1333 latere
644 1248 756 1331 potest,
794 1248 846 1326 31,
874 1248 915 1312 99
944 1266 1133 1331 raucumque
1160 1257 1254 1327 66661

138 1351 429 1435 (6666666666611)
450 1353 596 1433 66111666,
621 1353 691 1430 128,
717 1351 757 1415 10
779 1351 893 1416 dedisti
917 1351 1123 1432 disciplinam
1152 1370 1254 1416 errem-

130 1452 298 1535 pior-am
320 1452 362 1534 V)
387 1454 578 1530 6666666616,
601 1453 655 1519 ubi
679 1453 873 1537 asyndetum,
904 1451 986 1535 quod
1010 1454 1095 1516 amat
1117 1451 1254 1532 Lucifer,

138 1571 228 1618 suum
250 1553 355 1620 locum
380 1553 526 1620 defendit.

176 1673 384 1755 Frequentius
420 1674 515 1739 etiam
549 1673 676 1739 uocales
698 1694 714 1738 6
736 1674 749 1737 1
772 1674 804 1738 66
824 1673 1060 1740 terminationes
1085 1695 1168 1759 quae
1197 1677 1257 1742 has

136 1775 252 1841 habent
274 1776 402 1841 uocales
425 1776 703 1855 confundebantur,
729 1775 766 1840 ut
787 1794 847 1841 nen
871 1776 1056 1843 audaciores
1079 1778 1255 1861 uideamur,

138 1879 163 1942 si
181 1878 310 1961 'saepius
338 1881 448 1951 contra
476 1879 699 1972 auctoritatem
719 1879 837 1944 codicis
859 1878 1035 1959 fecerimus,
1065 1900 1255 1965 quamquam

137 1980 262 2047 liberior
283 1982 377 2047 huius
400 1982 559 2064 scriptoris
577 1983 609 2046 et
629 1981 805 2064 temporum
822 1982 854 2046 66
874 1981 1039 2048 mcdomm
1053 2002 1130 2049 usus
1146 2002 1254 2050 emen-

139 2078 241 2149 dantis
264 2085 413 2151 fiduciam
436 2105 496 2151 uon
517 2104 588 2150 raro
610 2085 764 2150 inminuit.
800 2085 857 2150 sed
879 2086 1015 2151 scribere
1038 2082 1256 2152 uel‘conicere

138 2194 197 2252 non
228 2187 385 2253 dubitaui:
420 2187 469 2265 75,
501 2189 540 2253 13
573 2193 608 2253 16
641 2209 696 2254 666
729 2189 855 2270 quidem
887 2188 1086 2255 6661661166
1117 2191 1257 2255 uolueris

137 2291 281 2371 praeberi
309 2292 380 2355 6166
407 2291 463 2356 deo
493 2292 597 2356 dicato
620 2293 706 2374 eique
728 2293 840 2375 666666
863 2295 929 2378 (-re
951 2292 1013 2374 Vv)
1036 2292 1139 2374 fecisti
1161 2293 1256 2356 66611-

138 2395 267 2460 6611666.
300 2412 373 2458 nam
396 2393 467 2459 berre
490 2394 522 2458 et
543 2394 626 2460 maie
647 2396 749 2476 facere
772 2411 843 2459 cum
864 2394 1018 2460 infinitiuo
1037 2395 1089 2460 uel
1104 2393 1256 2478 gerundia

139 2495 336 2574 construitur,
361 2497 491 2579 simplex
512 2497 645 2562 uerbum
667 2508 727 2561 nou
749 2497 835 2561 item.
864 2497 952 2562 reete
976 2497 1084 2562 contra
1102 2497 1134 2561 in
1149 2494 1255 2560 infini-

138 2599 213 2664 tiuis
251 2599 440 2665 coordinatis
477 2601 637 2682 passiuam
679 2599 811 2665 formam
850 2599 954 2664 actiua
998 2599 1112 2682 excipit
1155 2618 1257 2683 neque

141 2721 193 2766 eas
217 2721 387 2785 aequemus
410 2722 538 2769 necesse
562 2702 610 2768 est
634 2704 705 2783 118,
719 2704 771 2768 ’26
792 2704 922 2769 sienim
936 2704 1058 2781 maiam
1081 2723 1146 2769 6666
1168 2705 1256 2769 61616-Ι

141 2809 192 2868 166
222 2807 276 2871 dec
305 2806 492 2871 damnari
522 2808 726 2886 1666666166,
756 2807 852 2871 dare
875 2806 1207 2870 661666666666661666
1229 2811 1258 2872 61

140 2909 264 2991 quidem
293 2910 413 2974 1661666
442 2911 551 2974 airum
579 2910 777 2989 6661661166,
811 2909 889 2991 qaid
918 2909 1076 2974 66161166
1098 2909 1259 2991 quadros
1389 2949 1392 2953 .

140 3011 223 3094 66616
243 3010 346 3092 faeere
367 3013 436 3076 6166·
458 3013 538 3094 qaod
560 3013 631 3078 odio
654 3012 767 3076 1666661
787 3012 888 3077 deas?
925 3031 997 3076 nam
1019 3013 1055 3076 ut
1077 3030 1170 3095 saepe
1192 3012 1257 3077 iam

140 3113 286 3192 uidimus,
321 3115 510 3197 ubicumque
531 3116 636 3198 666666
660 3114 785 3193 Leniter
801 3114 972 3179 orationem
994 3115 1128 3180 uariare
1140 3115 1257 3181 studet.

140 3214 772 3302 -109,161666“1666’(-6617)6’16666
804 3236 870 3281 666
897 3219 1026 3300 poterit,
1059 3217 1116 3284 sed
1142 3217 1214 3296 229,
1240 3217 1256 3282 1

140 3337 205 3383 666
233 3318 355 3400 poteris
389 3321 522 3403 (6616611
541 3321 575 3401 v)
599 3320 756 3385 debitore
785 3321 847 3405 (-ri
870 3317 911 3402 V)
934 3320 1068 3403 reposui,
1104 3320 1257 3402 quiahoc

139 3419 209 3486 loco
244 3420 342 3489 oratio
375 3422 478 3505 magis
511 3421 552 3487 ad
576 3422 793 3488 Constantium
827 3441 978 3488 conuersa
1012 3424 1066 3487 est.
1115 3421 1186 3499 113,
1218 3421 1260 3486 14
1296 3484 1300 3492 .

143 3523 387 3608 (Athanasium)
409 3525 844 3608 1666611666616666166·
867 3529 934 3610 (-66
957 3525 999 3606 V)
1023 3544 1088 3589 666
1119 3524 1259 3590 6616666·-Ι

140 3644 219 3690 mas.
255 3642 362 3690 eorum
386 3627 468 3691 enim
489 3646 550 3692 non
572 3626 722 3692 intererat
737 3628 772 3692 ut
786 3627 947 3710 puniretur
966 3627 1021 3692 sed
1037 3626 1072 3690 ut
1088 3625 1259 3692 audiretur.
1374 3627 1377 3634 '

142 3728 213 3807 189,
236 3728 279 3793 22
301 3717 456 3812 6661666
485 3730 675 3795 6616166166
702 3732 731 3794 si
752 3736 782 3794 16
801 3731 940 3795 66166616
970 3731 1114 3794 liberare
1139 3732 1183 3815 (ri
1204 3730 1259 3813 V),

140 3833 614 3916 6666616166666661661666
636 3839 673 3909 te.
702 3833 864 3916 praecedit
886 3834 939 3898 scd
960 3825 1027 3898 iam
1049 3833 1204 3900 credimus
1218 3872 1261 3885 -

141 3932 294 3998 daturam
316 3938 346 3998 16
360 3954 488 4017 operam
503 3956 562 4017 qao
580 3935 987 4017 6666166666666616666.
1020 3937 1091 4014 196,
1114 3938 1154 4002 91
1178 3938 1261 4019 qaod

143 4035 311 4120 (officiam)
336 4037 378 4101 sit
400 4036 716 4121 61666666661661
735 4041 800 4122 (-re
817 4039 857 4119 V)
882 4038 946 4103 6166.
977 4037 1089 4103 durum
1113 4039 1162 4104 est
1183 4058 1261 4122 666-

140 4138 226 4220 plere
250 4141 435 4222 6616666666.
473 4137 545 4218 201,
569 4141 589 4206 3
612 4140 1010 4224 66666161666661611666
1026 4145 1171 4225 66616666
1185 4161 1263 4223 6666

139 4243 227 4326 cresi
256 4261 314 4307 666
341 4242 417 4307 61666
445 4243 768 4330 6616661666666661
800 4247 879 4309 cur?
910 4244 1152 4310 616161166666
1174 4244 1263 4308 omni

141 4350 233 4411 66616
266 4346 429 4412 doctrinae
457 4350 582 4428 6666661
614 4346 666 4411 6161
693 4346 902 4428 circumferri
927 4350 993 4431 (-re
1016 4347 1057 4427 V)
1080 4344 1260 4427 66666616-
