2850 4754
151 386 214 453 330
640 383 789 439 Lucitsri

150 576 233 659 apud
270 575 495 641 Mediolanium
532 575 614 640 Anii
648 573 838 639 haereticam
877 573 1064 638 senteutiam
1100 569 1272 636 noluissent

150 679 308 756 damnare,
332 678 371 742 de
393 678 525 743 conoilio
547 678 635 742 iratis
659 675 770 743 animis
787 677 948 741 exierunt?
969 676 1080 740 horum
1103 674 1131 738 si
1152 672 1201 738 fas
1223 673 1272 737 est

149 782 311 848 sententiis
337 781 429 864 quale
460 782 502 845 sit
530 782 584 845 aut
612 781 688 863 quid
715 780 832 846 habeat
859 770 1061 845 commodare
1085 796 1271 843 consensum

149 885 291 967 aequitas
314 885 346 947 et
368 883 535 948 clementia
556 886 613 947 tua
638 883 754 965 poterit
783 883 960 947 aestimare.
992 900 1051 946 nou
1081 881 1130 946 est
1156 895 1272 945 nonum

148 987 231 1070 quod
253 1006 333 1051 nuno
360 987 518 1052 subtiliter
541 987 573 1050 et
594 987 651 1051 sub
673 986 838 1051 occasione
860 983 992 1049 nominis
1020 981 1185 1048 Athanasii
1211 980 1270 1045 ad·
1295 1008 1305 1049 o

146 1091 327 1172 temptatur,
350 1089 478 1153 manent
497 1089 623 1153 litterae
645 1088 815 1153 Alexandri
842 1087 979 1171 episcopi
1005 1087 1080 1152 olim
1103 1085 1144 1151 ad
1167 1082 1271 1150 Silue-
1315 1152 1317 1157 ,

147 1193 245 1284 strum
274 1192 402 1256 sanetae
432 1191 601 1255 memoriae
625 1190 810 1268 destinatas
845 1191 957 1272 quibus
987 1188 1166 1272 significant
1200 1187 1270 1252 ante
1298 1184 1301 1189 ’

146 1293 372 1359 ordinationem
395 1293 559 1358 Athanasii
581 1293 727 1357 undecim
748 1292 1034 1376 tam'presbyteros
1057 1309 1152 1374 quam
1176 1288 1271 1354 etiam

146 1396 302 1474 diacones,
320 1395 402 1478 quod
418 1396 500 1460 Arrii
515 1398 676 1461 haeresem
690 1395 903 1478 sequerentur,
926 1411 960 1459 ss
976 1393 1112 1460 ecclesia
1128 1393 1269 1471 eiecisse,

145 1518 182 1563 ex
199 1498 310 1580 quibus
325 1516 405 1563 nuno
423 1499 551 1580 quidam
568 1499 655 1562 extra
676 1498 844 1564 eeclesiam
867 1497 1056 1562 catholicam
1077 1495 1158 1561 loris
1176 1494 1270 1578 positi
1283 1515 1304 1557 ro

145 1602 291 1666 dicuntur
313 1601 372 1666 sibi
395 1602 604 1667 conciliabula
625 1602 793 1679 inuenisse,
816 1600 929 1683 quibus
945 1597 1153 1666 adseueratur
1173 1598 1269 1662 otiam
1328 1600 1332 1609 '

146 1704 301 1787 Georgius
321 1705 353 1768 in
376 1701 566 1768 Alexandria
586 1723 644 1786 per
666 1703 790 1768 litteras
812 1703 1053 1791 communicare.
1084 1720 1169 1784 quae
1195 1716 1269 1782 ergo

143 1808 248 1890 potest
272 1825 332 1890 pax
355 1825 441 1885 esse,
469 1805 727 1889 tranquillissime
754 1805 933 1888 imperator,
962 1806 989 1871 si
1018 1804 1165 1870 exhibitis
1200 1802 1268 1885 epi·

144 1911 239 1994 scopi,
269 1911 305 1975 ut
335 1927 417 1975 nunc
439 1929 494 1993 per
515 1911 641 1975 Italiam
663 1910 781 1975 factum
804 1911 862 1989 est,
882 1911 1037 1993 cogantur
1050 1908 1173 1988 ,tabum
1194 1924 1269 1971 seu-

141 2014 246 2078 lentiis
269 2012 439 2078 oboedire?
710 2004 712 2009 ’
1147 2008 1150 2013 ’
1279 2023 1300 2065 ro

188 2116 305 2198 Accipe
318 2115 415 2194 alind,
429 2115 504 2197 quia
514 2115 726 2197 tranquillitas
740 2116 798 2180 tua
808 2115 963 2198 patienter
974 2114 1122 2180 admittit
1137 2113 1267 2179 manent

140 2219 320 2301 togatorum
340 2218 466 2282 litteras
490 2218 542 2299 qui
566 2217 605 2281 ad
635 2217 835 2283 clementiam
861 2218 949 2282 tuam
971 2218 1095 2284 fuerant
1117 2215 1266 2282 destinati

142 2340 222 2404 quae
244 2339 341 2404 nuper
369 2322 531 2400 uenerunt,
562 2322 674 2404 quibus
696 2320 875 2404 significant
900 2322 1027 2404 propter
1053 2321 1265 2387 turbationem

141 2423 268 2507 quidem
306 2423 443 2488 omnium
478 2423 682 2488 ecclesiarum
719 2441 753 2488 se
787 2423 913 2506 quidem
951 2423 1023 2489 ants
1060 2420 1266 2490 succumbere

7 2517 12 2526 ’
141 2525 303 2591 sententiis
326 2525 523 2591 orientalium
538 2526 685 2605 uoluisse,
710 2527 908 2610 proposuisse
922 2527 1028 2591 tamen
1044 2526 1263 2602 conditionem
1276 2537 1298 2578 ¹·

140 2629 184 2707 ut,
214 2629 241 2694 si
262 2629 347 2694 idem
369 2628 452 2694 Am'i
473 2631 635 2695 haeresem
657 2629 927 2708 condemnassent
950 2630 1009 2694 hoc
1030 2645 1148 2712 genere
1170 2626 1266 2715 (es)-

140 2731 248 2817 se<ut>
282 2732 424 2796 inclinati
447 2751 554 2797 eorum
582 2731 747 2796 sententiis
766 2732 920 2797 oboedire.
956 2732 1117 2815 placiturae,
1146 2732 1183 2796 ut
1203 2731 1264 2814 ipsi·

140 2833 327 2917 significant,
357 2835 512 2917 scriptura
533 2836 615 2900 teste
643 2834 794 2899 firmatur.
827 2835 891 2899 itur
912 2835 1144 2913 incomitum,
1175 2835 1265 2900 acci·

138 2937 228 3019 piunt
249 2956 321 3001 oum
344 2936 569 3003 deliberatione
590 2956 740 3020 responsa
760 2937 842 3001 Arrii
866 2938 1040 3003 doctrinam
1062 2955 1097 3002 se
1113 2938 1263 3003 damnare

137 3060 198 3121 non
227 3058 327 3122 posse,
356 3039 572 3120 Athanasium,
596 3040 681 3123 quod
709 3039 810 3105 solum
839 3041 1013 3123 exigebant,
1042 3043 1259 3106 communione
1273 3059 1297 3103 a

139 3161 208 3209 esse
230 3142 425 3225 priuandum.
442 3144 512 3207 hinc
527 3145 590 3207 iam
606 3143 774 3207 clementia
787 3144 841 3206 tua
858 3145 919 3208 hoc
934 3163 1057 3226 qnoque
1072 3144 1259 3223 consideret,

136 3247 222 3311 recte
238 3245 414 3310 catholicae
428 3246 591 3328 religionis
603 3246 670 3310 iure
687 3245 814 3311 seruato
829 3265 868 3309 au
882 3246 1019 3311 hominis
1031 3264 1130 3310 cansa
1144 3247 1263 3313 debeat

137 3349 303 3432 diligenter
326 3367 517 3430 excusseque
537 3349 676 3414 tractari.

188 3552 287 3622 laput
354 3553 586 3648 mediolanumo¹
627 3553 771 3606 horescam
832 3519 984 3606 uoluissent
1001 3554 1042 3607 Vo
1109 3552 1259 3622 tdamnari

134 3654 199 3719 fort.
269 3657 360 3710 aramis
428 3655 578 3710 tuententi
592 3656 665 3710 anule
735 3655 1099 3752 puillaeeameeoommodara
1169 3657 1256 3727 qiuales

134 3757 189 3809 sint
206 3760 253 3810 ant
271 3757 396 3828 quidquid
413 3757 532 3812 labeant
548 3759 614 3824 fort.
683 3759 824 3814 tutantes
892 3759 1000 3816 stimans
1068 3759 1174 3815 banne
1190 3761 1256 3816 Lot.

133 3847 160 3895 et
178 3840 278 3912 Ooaet,
296 3850 330 3899 no
352 3847 392 3899 Vo
464 3844 587 3899 athenasi
670 3845 837 3915 Spshiteros
919 3845 939 3900 9γ
953 3844 1079 3901 distem
1094 3845 1188 3903 conae

134 3941 164 3979 ex
184 3929 294 3982 eochoda
310 3929 377 3996 fort,
447 3929 481 3983 13
497 3929 620 3983 exhibitis
638 3929 740 3998 (locat,
760 3930 873 3986 ext-ibitis
889 3931 921 3998 V,
938 3946 987 3985 otu.
1006 3947 1022 3983 o
1039 3930 1076 3985 tre
1089 3935 1173 3987 toute
1188 3933 1219 3998 ί,
1260 3962 1261 3965 =

132 4012 163 4064 oa
180 4013 268 4083 maa)
287 4021 313 4067 a
330 4015 475 4070 &aaron
554 4016 586 4069 1e
604 4014 670 4069 erut
746 4017 883 4084 paenae
960 4015 993 4069 ra
1011 4000 1078 4086 que·
1128 4014 1259 4100 mosea·-

132 4131 210 4168 onem
287 4117 513 4186 20.proposuisset
530 4125 600 4174 aa
684 4120 717 4174 21
736 4121 952 4190 condempnasset
1033 4123 1126 4176 ment
1144 4120 1257 4190 emieat,

132 4216 159 4254 se
183 4201 229 4267 Vc,
247 4216 296 4255 om.
317 4203 410 4257 Gount.
484 4206 532 4272 ,aa
550 4206 692 4270 ‚obedirent
708 4207 805 4262 coast.
868 4206 902 4262 23
921 4207 1058 4262 eonsilium
1134 4207 1168 4260 25
1187 4222 1254 4261 com

127 4303 252 4356 monsone
271 4287 301 4356 et
369 4305 402 4358 ao
420 4309 508 4360 rectae
578 4308 612 4361 ea
629 4308 793 4381 anama}
