2850 4754
131 366 196 431 282
615 361 768 415 Luciferi

131 553 249 616 stantes
273 550 332 615 sibi
354 551 596 615 contumeliosos
619 551 768 632 superbos
791 554 911 614 neone?
948 550 1015 613 sino
1039 549 1144 625 dubio,
1180 545 1252 629 quia

132 654 374 720 contumeliosos
396 655 546 734 superbos
568 653 640 717 iilos
663 653 848 717 existimarit
876 652 988 728 fuisse,
1022 652 1081 715 tali
1108 651 1158 716 osi
1180 668 1256 713 crue

132 756 263 821 dcliiaie
287 756 344 821 deo
369 756 490 819 dicatos
515 756 554 819 ad
576 757 710 820 mortem
733 774 832 836 usquc
848 754 1040 835 porsecuius.
1064 753 1165 817 restat
1181 769 1257 832 ergo

131 861 167 923 ut
188 860 299 923 uideas
322 877 402 940 quaa
427 857 527 921 adhuc
552 877 645 938 super
666 859 723 921 1110
739 876 832 938 quem
850 857 915 920 iam
930 856 1106 938 cognouisii
1120 853 1256 937 gesserit

131 962 320 1036 Antiochum
345 963 377 1024 ei
399 961 426 1024 si
448 961 519 1024 iilos
541 962 627 1024 recia
649 961 767 1042 poteris
787 959 892 1023 dicore
908 959 1058 1040 superbos
1073 958 1172 1022 fuisso
1187 957 1255 1020 An-
1278 971 1293 1012 ε

131 1065 235 1128 tiocho
259 1063 510 1138 contumeliosos,
534 1063 650 1143 poteris
667 1063 699 1126 ei
714 1081 778 1126 nos.
809 1063 887 1125 haec
904 1062 1019 1125 etenim
1041 1079 1097 1125 nos
1119 1059 1256 1141 patimur

133 1186 151 1230 a
173 1168 205 1230 io
228 1185 308 1247 quae
332 1166 405 1230 sunl
428 1165 459 1229 ei
481 1165 528 1228 illi
557 1167 697 1247 perpessi
721 1167 759 1230 ab
783 1165 952 1239 Antioch03
988 1166 1032 1229 sio
1062 1183 1118 1228 nos
1149 1180 1256 1228 sumus

132 1268 362 1351 proclamantes
378 1288 432 1350 pro
447 1268 521 1346 fide,
537 1288 592 1350 pro
608 1269 770 1351 religiono,
788 1271 870 1333 siout
884 1263 1256 1349 fuorunt‘proclamanics

132 1374 164 1434 ei
185 1372 249 1446 ilii3
280 1372 324 1434 sic
347 1390 404 1435 nos
428 1371 485 1435 deo
508 1373 670 1448 Abrahae,
706 1372 764 1435 deo
788 1373 894 1448 Isaac,
925 1371 982 1435 deo
1012 1368 1108 1433 Iacob
1138 1367 1255 1431 seruire

132 1473 324 1556 profitemur,
349 1474 505 1554 quomodo
529 1475 560 1538 ei
582 1474 629 1537 illi
651 1475 723 1538 sunt
746 1473 891 1539 confessi.
917 1473 1012 1556 misit,
1037 1469 1294 1552 inquiisorip·1o

132 1577 219 1653 iura,
252 1596 308 1640 reu
330 1596 433 1640 senem
455 1576 679 1641 Atheniensem
700 1579 755 1658 qui
777 1577 962 1659 conpelleret
984 1575 1144 1657 Iudaeos,⁴
1169 1577 1207 1637 ut
1226 1592 1256 1636 se

134 1678 346 1758 transferrent
375 1698 397 1742 a
414 1679 536 1757 patriis
558 1684 587 1742 et
608 1679 660 1743 dei
682 1679 808 1761 lapibus,
838 1699 878 1743 ne
900 1682 1073 1756 uterentur,
1101 1674 1255 1740 contami·

132 1800 212 1844 nare
225 1781 321 1844 etiam
337 1781 418 1863 quod
432 1783 470 1845 in
484 1781 712 1863 Hierosolymis
726 1786 795 1846 erat
809 1782 960 1863 templum
983 1785 1011 1845 et
1033 1780 1255 1861 connominarc

132 1881 223 1946 Ionis
248 1880 389 1963 Olympii
419 1887 447 1946 et
469 1882 695 1965 Marpariain,
722 1888 820 1964 prout
841 1888 933 1946 crant
954 1884 1010 1964 qui
1033 1882 1136 1946 locum
1158 1880 1254 1944 inba-

134 1984 286 2061 bdabant
302 1985 394 2050 Iouis
416 1984 597 2064 hospitalis.
615 1986 758 2065 pessima
781 1991 887 2050 antem
909 1990 938 2050 et
958 1985 1122 2049 uniuersis
1144 1984 1293 2065 prouisa

134 2088 294 2151 malornm
326 2091 395 2151 erat
428 2089 547 2152 seditio.
593 2108 670 2151 nam
703 2089 781 2169 quia
815 2087 965 2168 templum
999 2087 1256 2151 comisationibus

132 2193 276 2273 pontium
304 2194 375 2254 crat
399 2191 549 2271 plenum,
583 2191 794 2255 scortantibus
822 2212 895 2257 cum
922 2190 1137 2256 meretricibus
1165 2194 1196 2253 ct
1221 2190 1256 2252 in

133 2295 253 2357 sanctis
276 2295 364 2358 tectis
386 2293 571 2358 mulieribus
593 2313 625 2358 se
647 2294 925 2376 adpropiantibns,
948 2294 1081 2374 insuper
1095 2293 1183 2356 intro
1202 2292 1255 2355 in-

133 2395 267 2476 ferentes
295 2417 333 2461 ea
360 2417 440 2478 auae
466 2393 533 2461 uon
561 2398 739 2478 oportebat3
772 2398 875 2462 altare
904 2398 1001 2461 ctiam
1029 2396 1161 2476 plenum
1189 2397 1256 2458 erat

133 2499 271 2563 inlicitis
288 2520 368 2581 quae
390 2499 506 2582 lepibus
523 2499 781 2580 prohibebantur.
804 2519 901 2581 neque
915 2503 1021 2565 autem
1035 2498 1168 2563 sabbata
1183 2519 1255 2580 aaa·
1268 2522 1294 2561 sc

134 2601 252 2667 bantur
274 2621 371 2682 neque
392 2604 459 2668 dics
481 2602 631 2667 solemnes
647 2603 785 2685 patricii
806 2602 1071 2676 custodiebantur,
1106 2599 1138 2663 ci
1159 2599 1256 2663 infra:

134 2701 331 2768 ducebantur
352 2708 458 2768 autem
481 2724 598 2768 amara
619 2706 801 2769 necessitate
824 2725 883 2785 per
912 2704 1055 2786 sinpulos
1077 2722 1199 2766 menses
1221 2704 1257 2766 in

134 2805 219 2869 diem
241 2806 323 2889 repis
345 2807 479 2885 natalis,
502 2808 663 2873 miseratio
685 2812 770 2889 crat,·
791 2812 822 2873 et
842 2828 913 2873 cum
934 2828 1028 2872 sacra
1049 2806 1158 2871 Ia'beri
1180 2806 1256 2872 cele·

135 2907 315 2988 inurantur,
338 2910 524 2991 emebantur
546 2912 629 2974 cuim
645 2911 775 2976 hederas
789 2910 936 2975 babentes
950 2911 1064 2976 Libero
1080 2911 1255 2975 circumire.

136 3009 293 3074 decretam
315 3016 420 3076 autem
444 3013 523 3076 euiit
544 3013 581 3076 in
597 3014 767 3095 proaimas
784 3012 984 3079 Graecorum,
1003 3013 1158 3091 ciuitates,
1181 3032 1256 3094 sua·
1270 3037 1296 3079 ss

133 3114 312 3195 perentibus
334 3113 525 3180 Ptolomaeis
552 3116 586 3180 id
614 3117 718 3196 ipsum
740 3116 923 3180 institutum
944 3116 1098 3180 aduersus
1120 3115 1258 3178 Iudaeos

136 3234 229 3299 apere
250 3220 280 3280 et
300 3218 458 3295 misereri,
492 3237 542 3282 eos
563 3238 638 3282 nero
660 3218 716 3299 qui
738 3218 846 3283 nolint
873 3220 1012 3283 transire
1041 3218 1084 3282 ad
1105 3218 1257 3281 instituta

139 3317 334 3385 Graecorum
360 3320 543 3401 interficere.
582 3321 717 3388 aduenit
743 3339 814 3403 erpo
834 3321 943 3386 uidere
965 3321 1138 3387 miseriam.
1175 3320 1258 3384 duae

73 3447 76 3453 ·
136 3422 222 3485 enim
243 3420 390 3511 mulieres
411 3421 534 3486 delatae
556 3427 630 3487 sunt
652 3426 745 3487 natos
766 3443 840 3488 suos
854 3424 1096 3507 circumcidisse,
1119 3442 1257 3503 auarum

137 3523 279 3604 infantes
295 3526 338 3589 ad
352 3526 448 3589 ubera
470 3526 706 3607 suspenderunt
727 3532 764 3602 et,
788 3547 858 3590 cum
876 3526 1003 3607 publice
1018 3545 1078 3606 per
1094 3525 1312 3590 ciuitatemur

135 3625 210 3690 illas
234 3628 528 3710 circumducebant,
544 3649 606 3710 per
628 3649 755 3694 murum
776 3629 853 3694 illas
862 3629 1173 3711 praeeminuerunt.
1197 3627 1256 3691 alii

238 3779 313 3832 1οΠ
329 3780 414 3835 Mach.
435 3782 458 3843 6,
478 3781 544 3834 1-6
614 3779 648 3832 22
665 3781 701 3834 ib.
720 3781 744 3844 6,
764 3781 846 3834 7-11

187 3915 200 3966 1
220 3931 305 3983 negne
381 3918 398 3969 4
417 3920 502 4015 querps]
522 3932 587 3985 quae
605 3917 672 3983 fort.
749 3917 994 3987 suentisium.
1017 3919 1189 3975 Gallundius

136 4018 234 4072 etenim
253 4000 312 4072 ein
381 4020 511 4075 9abraae
582 4023 614 4074 14
633 4022 730 4091 olympi
798 4021 844 4073 καὶ
861 4021 909 4073 τὸν
927 4020 955 4073 ἐν
973 4023 1083 4089 Γαριζίν
1101 4024 1191 4077 LXX

134 4104 166 4156 21
185 4105 265 4172 patrii
283 4105 348 4170 fort.
422 4105 455 4158 23
472 4108 606 4162 miseratio
625 4108 690 4178 erat]
709 4106 744 4160 acl
761 4107 961 4160 uiscerationem
980 4108 1050 4160 coni.
1069 4108 1207 4164 Latinius
1225 4123 1257 4162 cn

134 4206 174 4325 gr.
221 4189 278 4327 bii
296 4191 374 4258 enim]
394 4191 418 4242 ei
430 4190 496 4256 fort.
564 4191 661 4245 hedera
729 4190 912 4258 26piolomeis
981 4191 1013 4242 27
1033 4193 1104 4259 ageri
1122 4199 1190 4247 m.1

154 4275 221 4342 Opu
253 4275 291 4343 'ca
