2850 4754
495 405 537 459 De
554 409 646 459 sancto
663 405 809 459 Athanasio
826 404 893 458 liber
910 405 942 458 IL
1220 404 1279 469 169

165 613 250 673 snus,
273 613 312 658 ne
334 592 480 657 inuentus
501 591 576 656 foris
599 590 734 655 eeclesia
756 590 798 655 sie
820 608 942 672 semper
964 591 1000 654 ut
1022 609 1054 656 ee
1083 591 1176 657 hodie
1198 590 1287 658 inter

164 698 234 762 illos
264 714 344 779 quos
370 694 548 777 percutiens
572 693 649 758 dicit
678 693 834 758 dominus:
869 695 1044 759 cmtemditc
1072 698 1196 762 intrare
1218 719 1280 781 per

163 803 332 883 aepustum
361 799 485 876 ostium,
515 799 593 879 quia
620 799 689 864 dico
716 798 824 862 uobis:
855 797 948 861 multi
974 804 1133 879 quaeruut
1158 805 1187 864 et
1213 819 1279 867 more

160 906 317 984 poterunt.
352 920 423 966 cum
443 901 654 966 exsurrexerit
672 899 932 980 paterfamilias
954 906 983 965 ct
1005 901 1134 965 cluserit
1153 903 1276 989 ostium,

143 1011 190 1072 ret
210 1004 371 1086 mopere
392 1002 473 1084 ioris
494 1007 579 1068 aare
599 1008 627 1068 el
643 1002 780 1084 pulsare
800 1004 954 1068 diceutes:
987 1005 1121 1082 domiue,
1144 1006 1275 1092 domiue,

164 1108 252 1190 operi
272 1105 374 1172 uobis.
395 1111 424 1170 el
444 1105 634 1187 respoudeas
654 1106 754 1171 dicet:
786 1107 888 1169 neseio
910 1125 966 1171 uos
986 1108 1070 1172 uude
1091 1109 1171 1173 silis.
1202 1114 1277 1175 tuuc

165 1210 323 1292 incipietis
344 1209 462 1274 dicere:
482 1209 749 1273 mamducauimus
771 1228 876 1272 coram
904 1213 932 1272 ie
959 1215 987 1274 et
1014 1210 1155 1291 bibimus,
1184 1215 1215 1275 et
1240 1213 1277 1276 irs

162 1314 277 1396 plateis
292 1313 409 1378 uostris
423 1311 565 1376 doomsti.
588 1313 618 1374 ct
631 1311 712 1375 dicet
726 1310 835 1375 uobis.-
857 1312 958 1375 aescio
972 1315 1055 1377 aude
1070 1314 1153 1391 estis,
1175 1314 1274 1379 disce·

163 1415 224 1481 dite
248 1436 271 1481 a
292 1434 350 1493 rue,
372 1433 479 1479 omues
500 1414 641 1494 operarii
657 1413 847 1494 miquitatis.
871 1414 917 1478 ibi
932 1415 992 1478 erit
1010 1415 1101 1494 fletus
1115 1420 1145 1480 el
1158 1416 1277 1481 stridor

133 1518 311 1584 ramalium.
356 1537 427 1582 cum
446 1517 595 1580 sideritis
617 1514 781 1579 Abrabam
808 1515 903 1580 Isaac
930 1521 959 1581 ct
987 1517 1083 1582 Iacob
1112 1523 1141 1583 et
1168 1538 1273 1584 omues

158 1619 328 1702 propbetas
349 1620 542 1683 iutroeuutes
564 1618 601 1680 iu
623 1637 754 1698 repuum
769 1617 827 1695 dei,
850 1637 909 1681 uos
924 1623 1030 1682 autem
1043 1621 1157 1701 capelli
1177 1621 1274 1702 forus.

163 1722 224 1786 noli
244 1722 293 1787 ito
312 1723 345 1786 te
366 1738 513 1803 perosum
534 1720 660 1797 habere,
683 1719 719 1782 ut
732 1721 764 1783 te
781 1719 864 1784 sines
879 1720 956 1783 haec
975 1721 1081 1785 audire
1096 1723 1274 1801 interillos,

163 1825 296 1888 maxime
328 1841 401 1887 cum
433 1822 544 1887 uideas
576 1823 608 1885 te
638 1821 818 1902 nequiorem
845 1821 941 1885 [trisse
974 1842 1068 1905 quem
1102 1825 1153 1888 cui
1183 1825 1275 1908 digne

164 1925 299 1991 dicetur:
322 1926 443 1990 discede
464 1947 486 1989 a
507 1945 563 2007 me,
587 1926 752 2005 operarius
772 1925 966 2006 iniquitatis.
1007 1927 1077 2004 eris,
1103 1928 1276 2008 Constanti,

134 2029 188 2102 1⁵ei
201 2030 231 2093 in
248 2030 308 2094 hec
322 2028 540 2093 maliuolentia
553 2029 609 2092 tus
623 2045 749 2092 manere
765 2027 911 2105 uolueris,
927 2027 1008 2091 inter
1022 2028 1112 2093 illum
1127 2031 1275 2111 populum

164 2131 329 2210 candem,
353 2131 406 2195 cui
429 2130 558 2195 dicitur:
589 2128 800 2211 Hierusalem,
822 2129 1034 2210 Hierusalem,
1058 2151 1137 2210 puae
1159 2131 1275 2196 occidis

160 2234 330 2315 propbetas
350 2238 379 2297 et
400 2233 530 2314 lapidas
552 2231 676 2311 eosqui
698 2232 870 2295 mittuntur
892 2233 935 2296 ad
958 2237 1003 2310 le;
1043 2233 1113 2310 erte,
1136 2234 1274 2314 inquam,

163 2336 240 2401 inter
260 2336 344 2415 illos,
379 2337 453 2418 quie
481 2335 526 2399 sic
556 2335 599 2398 sis
626 2333 806 2415 persecutor
837 2353 943 2399 eorum
973 2335 1025 2416 qui
1053 2335 1085 2398 te
1115 2336 1276 2399 hortentur

163 2438 337 2520 promereri
350 2438 455 2517 deum,
485 2438 568 2502 sicut
595 2437 642 2500 illi
668 2435 785 2500 inerint
812 2438 968 2518 persecuti
991 2437 1158 2519 prophetes
1182 2437 1275 2518 etque

132 2541 327 2622 eapostolos.

200 2643 272 2708 XII.
317 2644 436 2707 Iterum
469 2643 562 2725 urget
595 2641 733 2707 defensio
767 2642 909 2707 ueritsffis
942 2642 1050 2724 quaeri
1086 2661 1104 2704 e
1136 2641 1183 2718 te,
1221 2660 1276 2704 cur

163 2746 322 2811 absentem
344 2744 485 2808 damnari
508 2744 714 2826 praeceperis.
740 2744 800 2822 dic,
824 2762 950 2826 quaeso,
974 2745 1053 2807 bene
1076 2763 1114 2806 an
1137 2743 1220 2807 male
1242 2743 1274 2807 id

162 2846 225 2912 ficri
245 2846 432 2929 imperaris?
454 2846 482 2912 si
505 2845 619 2911 dixeris
640 2848 729 2925 bene,
753 2847 847 2912 credo
869 2847 901 2912 te
925 2846 965 2911 ad
987 2846 1071 2911 beati
1086 2846 1176 2910 Pauli
1198 2865 1275 2911 con-

163 2949 267 3034 ingere
288 2949 419 3026 tecam,
448 2948 532 3031 qnod
561 2949 642 3013 enim
665 2948 834 3014 Corinthiis
856 2949 1016 3031 scripserit
1042 2949 1107 3013 iam
1130 2968 1164 3014 se
1185 2950 1276 3015 illum

132 3053 284 3134 spunirse
319 3052 520 3134 peccatorem
557 3070 650 3133 quem
688 3053 880 3134 conperisset
915 3053 1055 3136 grauiter
1095 3053 1274 3135 defiquiese.

162 3154 323 3233 uideam
355 3173 457 3233 nunc,
491 3155 519 3219 si
546 3155 592 3232 tu,
622 3155 735 3232 belus,
772 3158 914 3221 membra
951 3157 983 3220 et
1012 3175 1124 3239 corpus
1152 3156 1275 3220 tentum

162 3257 277 3325 hubas
299 3257 444 3335 heminis,
468 3258 606 3321 animum
628 3276 703 3322 uero
726 3257 868 3336 ferinum,
899 3259 926 3322 si
953 3259 999 3323 its
1028 3259 1129 3341 egeris
1153 3259 1188 3322 ut
1210 3259 1275 3340 egit

163 3359 330 3442 spostolus,
360 3359 466 3424 sitsli
489 3359 596 3425 ordine
617 3379 685 3425 rem
707 3360 919 3426 celebre-neris
946 3381 1006 3444 qno
1028 3361 1082 3424 ille
1106 3361 1158 3442 qui
1182 3360 1274 3424 dixit:

161 3462 205 3528 sia
238 3462 369 3528 mnuiuo
402 3462 534 3526 ereditur
566 3465 651 3527 irrtcr
678 3483 735 3528 uos
762 3463 942 3548 forricatio,
976 3464 1082 3546 qualis
1109 3481 1165 3527 uec
1191 3463 1276 3530 iuter

130 3569 270 3650 sumar,
294 3565 342 3629 ita
364 3568 551 3630 utmorem
567 3566 750 3646 patrissui
772 3566 891 3647 aliquis
906 3566 1025 3629 babeat.
1048 3568 1146 3628 etuas
1162 3565 1272 3645 iuslali

161 3668 288 3733 oteres
316 3686 382 3731 aare
403 3667 515 3748 polius
546 3666 663 3731 luctum
691 3667 855 3748 habuistis,
888 3673 925 3731 at
955 3668 1114 3743 tolleretur
1135 3669 1272 3733 emedio

162 3773 297 3835 uorum
317 3768 376 3851 qui
392 3767 448 3834 boe
470 3789 547 3851 epus
569 3769 651 3851 feeit.
674 3790 727 3852 epo
750 3771 877 3851 quidem
902 3771 984 3834 siem
1004 3770 1114 3834 abssas
1137 3790 1274 3854 corpore,

157 3889 306 3950 praem
327 3875 433 3936 aum
452 3873 572 3954 spiritu
593 3872 661 3936 iam
674 3873 821 3938 iudicoui
841 3877 876 3936 at
886 3891 1040 3954 praescus
1053 3890 1135 3947 cum,
1158 3873 1214 3955 qui
1227 3874 1274 3938 sic

256 4039 353 4095 2Lue.
372 4039 413 4104 13,
431 4039 533 4094 24-28
603 4041 635 4094 16
652 4039 688 4094 ib.
707 4039 800 4105 lass
868 4040 902 4094 29
921 4041 934 4093 1
952 4041 1011 4096 Cor.
1028 4041 1054 4104 5,
1074 4041 1139 4095 1-5

208 4207 412 4264 lesclesierno
494 4208 655 4277 seruant
671 4207 809 4262 Latinius
880 4207 912 4261 10
929 4207 1089 4264 uidebitisc
1157 4210 1229 4306 isse?
1247 4213 1274 4264 et

164 4308 277 4368 imobirr
293 4329 346 4384 mp.
363 4318 431 4368 ml
502 4312 535 4367 18
553 4315 671 4367 orientur
687 4319 754 4367 m.1
824 4312 858 4364 24
876 4312 945 4365 enim
962 4328 1047 4367 orna
1116 4312 1249 4367 sorintids
