2850 4754
494 373 535 427 De
554 374 645 427 saneto
664 371 810 426 Athanasio
827 372 894 426 liber
910 371 944 427 Π.
1218 373 1282 440 205

160 561 266 642 perte
289 579 345 626 noe
369 560 553 644 adgressum
578 562 755 643 serpentem
787 563 818 624 et
846 561 929 644 quod
958 562 989 626 te
1018 561 1127 626 multis
1148 561 1180 624 in
1201 561 1280 627 loeis

160 664 238 728 iuter
253 683 307 729 eos
321 665 480 746 posuerim
496 665 550 747 qui
564 664 680 729 fuerint
696 663 771 728 dieti
785 665 955 748 serpentes.
978 665 1142 730 considera
1154 682 1281 745 operam

160 767 245 829 tuam
269 767 301 830 et
314 765 440 832 illorum
464 769 505 846 et,
529 768 555 833 si
578 786 638 832 non
661 786 756 831 unum
779 786 836 833 uos
859 786 927 833 esee
950 768 1136 850 cognoueris
1158 787 1280 851 eorpus,

162 868 255 933 dieite
277 888 329 933 me
352 888 413 935 non
434 870 516 934 iuste
540 872 617 934 haee
642 867 756 935 uisere.
800 870 872 936 tuos
899 870 1067 953 magistros
1096 871 1128 936 in
1149 872 1282 954 perfidia

137 971 294 1037 sludaeos
318 971 409 1036 audis
432 972 517 1038 eerte
539 975 571 1038 in
595 973 693 1038 saeris
717 974 889 1057 euangeliis
912 974 1072 1056 serpentes
1094 993 1187 1058 saepe
1210 975 1280 1041 dio-

160 1076 208 1140 tee
232 1094 250 1139 a
272 1074 414 1140 domino:
447 1080 606 1157 serpentes
631 1078 842 1159 peaeramo'ua
868 1077 1066 1158 uipererum.
1110 1077 1194 1143 unde
1222 1080 1280 1144 hoo

160 1178 282 1243 nomina
305 1178 413 1244 uocari
434 1179 637 1244 meruerunt?
660 1179 747 1244 eerte
761 1179 887 1261 propter
903 1197 1038 1260 nequam
1054 1197 1131 1261 opus
1145 1180 1280 1261 illorum,

161 1280 246 1345 certe
267 1280 394 1364 propter
415 1281 670 1347 incredulitatem
694 1300 793 1348 suam.
816 1282 889 1347 inde
913 1284 944 1346 et
966 1283 1281 1365 Iohanneebaptista,

154 1385 322 1468 properatae
336 1384 535 1466 uiperarum,
553 1383 632 1448 dicit
647 1383 687 1447 ad
704 1402 766 1463 eos,
784 1385 856 1466 puts
867 1385 1062 1448 monstrauit
1076 1384 1164 1449 uobis
1175 1384 1282 1469 fupere

122 1509 148 1548 ro
160 1488 199 1552 ab
220 1488 275 1551 o'ra
296 1489 461 1553 uenture?
494 1488 591 1569 feotte
612 1508 684 1571 erpo
706 1489 819 1572 dipnos
840 1487 966 1569 fruetus
986 1488 1214 1569 poentientiae.
1246 1490 1283 1554 ut

162 1610 198 1654 er
219 1589 284 1656 illie
308 1609 392 1674 ergo,
422 1592 475 1674 qui
497 1591 529 1655 in
552 1591 679 1655 unioum
702 1591 904 1657 erediderunt
924 1591 1025 1658 filium
1049 1592 1109 1671 dei,
1138 1594 1192 1676 qui
1213 1593 1282 1659 uiae

161 1695 362 1760 correxerunt
378 1714 462 1774 suae,
485 1695 659 1760 meruerint
673 1695 730 1759 filii
748 1695 829 1760 effioi
845 1695 936 1773 lueis,
962 1695 1015 1759 alii
1030 1714 1106 1762 uero
1122 1697 1282 1779 serpentes

162 1798 316 1876 dieuntm,
351 1797 398 1863 ita
429 1800 460 1864 et
487 1800 532 1878 tu,
567 1799 627 1864 nisi
649 1799 769 1864 fruetus
791 1799 904 1864 feceris
928 1798 1039 1881 dignos
1061 1800 1281 1880 paenitentiae,

161 1902 219 1966 nIsi
241 1901 314 1966 tuas
336 1902 405 1966 uiae
428 1903 609 1979 correxeris,
633 1902 717 1967 filius
733 1903 860 1983 mperes
877 1903 971 1984 atque
989 1902 1141 1984 serpentis
1157 1903 1281 1969 dioeris.

124 2020 149 2059 1⁵
161 2004 231 2087 quis
249 2005 364 2068 etenim
381 2004 431 2069 dei
448 2024 609 2070 seruorum
624 2025 685 2070 non
700 2005 732 2069 te
748 2005 938 2070 homicidam
954 2006 1048 2087 atque
1064 2005 1282 2088 blasphemum

163 2127 231 2173 esse
254 2128 385 2174 eernens
408 2128 467 2172 non
493 2128 529 2173 eo
551 2109 646 2173 uoeet
667 2109 791 2175 nomine
815 2128 875 2191 quo
892 2109 1043 2175 uooentur
1059 2109 1190 2174 Iudaei?
1213 2111 1282 2192 quis

161 2212 194 2275 te
218 2231 234 2276 e
258 2212 352 2276 deum
373 2212 558 2276 timentibus
582 2210 740 2277 dubitabit
762 2210 846 2293 quod
870 2230 903 2276 as
924 2211 1134 2294 pronuntiare,
1158 2213 1282 2292 quando

164 2314 272 2379 uideat
288 2314 417 2393 scribas,
441 2315 629 2380 Pharisaeos
653 2315 685 2378 et
706 2313 861 2396 principes
877 2313 1064 2379 Iudaeorum
1079 2313 1197 2380 ideireo
1214 2334 1282 2380 ser·
1313 2379 1316 2392 ,

161 2418 271 2498 pentes
284 2417 356 2496 diei,
374 2418 447 2501 quia
464 2419 496 2482 et
509 2418 731 2501 prophetarum
746 2417 895 2482 fuderunt
910 2417 1094 2500 sanguinem
1110 2418 1141 2482 et
1155 2418 1283 2483 unioum

126 2521 347 2602 aonegauerint
370 2521 420 2585 dei
442 2521 564 2585 filium?

204 2623 353 2688 XXXIII.
385 2623 465 2689 Oum
487 2625 567 2688 haee
595 2623 642 2687 ita
670 2641 703 2688 se
731 2623 877 2700 habeant,
907 2622 1050 2704 superest
1070 2623 1107 2688 ut
1128 2623 1284 2690 factorum

162 2727 288 2792 tuorum
309 2745 403 2811 geras
423 2726 659 2809 paenitentiam,
691 2725 859 2790 aduertens
882 2724 975 2790 deum
998 2743 1073 2789 suae
1096 2725 1282 2793 elementiae

162 2829 411 2895 misericordiam
434 2831 577 2896 omnibus
600 2849 619 2894 a
641 2829 702 2895 uiis
724 2829 945 2895 resedentibus
967 2827 1061 2893 melre
1075 2830 1282 2912 praestitisse,

162 2934 280 2998 habeus
302 2933 435 2999 formam
450 2933 679 3010 Nineuitarum,
704 2951 782 3014 quos
805 2932 832 3008 si
847 2931 942 2996 fueris
957 2930 1109 3011 imitatus,
1132 2932 1178 2998 ita
1193 2952 1284 3016 opem

129 3035 397 3100 amiserioordiae
420 3036 621 3118 eonsequarIs
644 3054 774 3100 neeesse
798 3034 854 3099 est.
877 3052 956 3116 quos
979 3034 1065 3100 eirea
1080 3037 1187 3119 eooipe
1203 3056 1283 3120 quae

163 3139 279 3204 fuerint
300 3140 392 3222 gesta
408 3140 461 3204 uel
481 3139 542 3221 ipsi
563 3138 798 3222 praedieatione
820 3139 915 3202 Ionae
929 3138 1032 3202 territi
1048 3158 1128 3222 quae
1143 3140 1283 3205 fecerint.

158 3246 367 3323 praeceptum
390 3248 444 3327 est,
468 3242 570 3325 inquit
591 3261 683 3307 saera
707 3241 870 3323 scriptura,
894 3247 966 3321 eeto,
990 3248 1019 3307 et
1040 3244 1148 3308 rea’eee't
1170 3244 1284 3308 Iouem

163 3364 258 3427 super
280 3350 410 3413 terram.
434 3351 463 3411 et
484 3346 607 3426 suetum
628 3349 674 3410 est
694 3344 824 3410 uerbum
839 3345 963 3409 domiui
977 3345 1021 3409 aet
1036 3346 1154 3410 Ionam
1168 3346 1285 3409 Iterum

163 3449 287 3515 dicem:
308 3468 401 3534 serpe
422 3454 451 3514 et
471 3450 554 3515 uode
575 3449 613 3514 ia
636 3448 762 3514 Nineue
784 3447 946 3514 ciuitatem
969 3468 1123 3532 mapsam
1143 3452 1174 3512 et
1187 3467 1284 3529 prae·

130 3551 237 3618 saeco
257 3554 295 3618 tu
313 3574 350 3618 eu
372 3555 544 3620 secusdum
559 3553 833 3637 praedmotioaem
849 3553 994 3634 petorem
1014 3571 1110 3633 paam
1131 3570 1184 3633 epo
1199 3550 1284 3616 toou-

165 3659 215 3720 tus
235 3676 307 3721 eum
329 3657 372 3721 ad
387 3662 424 3722 te.
448 3658 628 3722 etsarreee‘t
643 3659 743 3723 Ioues
766 3661 796 3722 et
811 3657 891 3722 abitt
913 3656 949 3720 tu
965 3654 1093 3720 Nineue
1114 3654 1285 3719 seeundum

267 3862 283 3915 6
300 3861 396 3915 Matth.
415 3861 458 3931 23,
476 3860 510 3914 33
579 3861 595 3914 9
612 3859 649 3914 ib.
666 3859 691 3924 3,
711 3861 735 3915 7.
753 3861 770 3914 8
838 3859 871 3914 27
888 3859 943 3914 Ion.
961 3857 986 3923 2,
1006 3857 1037 3911 11
1055 3887 1090 3899 -
1107 3858 1132 3922 4,
1151 3857 1168 3912 2

215 4033 231 4086 9
249 4030 408 4086 monstrabit
477 4030 510 4083 10
526 4028 625 4084 muetos
695 4029 727 4084 15
744 4044 797 4083 non
814 4033 972 4097 suspectam
989 4027 1070 4081 babet
1081 4027 1218 4082 Lattutue

166 4118 196 4173 17
215 4135 229 4172 e
248 4135 299 4174 om.
318 4136 343 4183 e,
362 4134 419 4173 osse
437 4117 575 4172 Latiutae
680 4115 749 4186 quod
773 4132 800 4169 es
819 4116 890 4169 corat.
910 4114 1003 4182 Ootete',
1027 4128 1077 4181 quo
1097 4128 1125 4166 es
1147 4114 1194 4180 Vo,
1219 4113 1287 4182 quod

162 4207 237 4273 potes
255 4206 459 4276 Lapduueusee
537 4203 571 4256 24
588 4204 759 4257 niniuitarum
776 4208 803 4257 et
821 4202 836 4256 t.
856 4205 894 4256 29
912 4207 938 4255 et
955 4204 988 4256 31
1008 4201 1097 4254 niniae
1174 4200 1207 4252 25
1225 4217 1286 4270 quo-

164 4292 264 4346 eiroao
333 4291 366 4344 27
384 4291 482 4360 rageoIt
