2850 4754
372 1100 375 1107 ’
477 1141 926 1255 1111111111.

626 1372 778 1382 -----

183 1513 329 1604 Luciferi
360 1539 595 1622 opusculorum,
627 1557 707 1620 quae
737 1539 795 1603 hoc
823 1538 970 1602 uolumen
999 1538 1151 1615 continet,
1181 1555 1262 1600 unus

142 1647 244 1712 exstat
272 1646 370 1711 codex
391 1645 577 1727 Reginensis
601 1650 655 1730 (=
679 1645 723 1725 V)
749 1645 818 1710 133.
841 1645 970 1709 membr.
996 1662 1077 1709 saec.
1101 1643 1270 1708 111-111

140 1749 396 1815 Reifferscheidio
414 1748 560 1812 accurate
574 1748 607 1812 in
621 1748 819 1812 Bibliotheca
832 1749 957 1830 patrum
971 1748 1139 1811 latinorum
1153 1746 1262 1810 italica

139 1856 155 1918 I
178 1873 207 1936 p.
231 1854 294 1918 383
326 1851 502 1932 descriptus
530 1849 616 1913 idem
646 1869 739 1932 quem
760 1851 792 1914 in
815 1850 990 1916 christinae
1013 1850 1204 1915 bibliotheca
1227 1868 1260 1914 se

139 1957 259 2019 uidisse
293 1956 335 2018 Is.
358 1952 489 2018 Vossius
518 1952 663 2029 testatur,
698 1971 798 2034 neque
833 1954 885 2035 qui
915 1954 986 2017 ante
1010 1971 1065 2018 nos
1090 1971 1127 2016 ea
1148 1952 1278 2041 impri-¹

138 2058 254 2122 menda
288 2056 477 2121 cnrauerunt
511 2056 592 2121 alius
620 2057 693 2121 libri
721 2057 753 2120 in
777 2056 980 2121 emendandis
1002 2055 1106 2120 uerbis
1130 2073 1186 2137 ope
1211 2056 1259 2118 usi

139 2161 220 2224 sunt.
245 2145 411 2224 loannes
429 2158 558 2222 Tilius
576 2163 629 2243 (=
642 2159 673 2240 1)
691 2159 817 2240 quidem
833 2159 996 2240 episcopus
1007 2157 1189 2234 Meldonsis‚
1207 2156 1260 2239 qui

140 2263 311 2326 editionem
326 2261 498 2343 principem
515 2280 542 2325 a.
561 2261 642 2327 1568
658 2261 786 2326 Parisiis
808 2262 891 2343 apud
905 2262 1093 2325 Michaelem
1110 2260 1258 2326 Sennium

139 2368 196 2430 sub
227 2366 315 2429 scuto
338 2364 504 2452 Basiliensi
526 2364 579 2427 uia
594 2366 749 2429 Iacobaea
763 2363 946 2445 publicauit,
977 2364 1060 2427 undo
1085 2363 1258 2428 calaritani

138 2469 255 2549 scripta
279 2466 462 2549 deprompta
485 2466 547 2530 sint
568 2485 629 2530 non
653 2466 729 2530 dicit
752 2468 846 2548 atque
864 2485 936 2531 cum
954 2465 1151 2532 corbeiensis
1167 2466 1257 2530 codi-

76 2576 80 2585 '
138 2570 184 2633 cis
207 2589 250 2633 nr.
275 2569 338 2634 245
366 2570 550 2633 memoriam
580 2570 718 2651 catalogi
749 2570 815 2634 eius
837 2570 1047 2635 bibliothecae
1071 2569 1258 2640 conseruent

111 2701 114 2706 ·
140 2673 193 2758 (cf.
217 2673 334 2737 Dehslo
363 2672 395 2736 in
416 2672 636 2754 Bibhotheque
660 2672 699 2736 de
721 2673 831 2740 l'dcole
863 2673 901 2737 de
924 2672 1048 2736 chartea
1072 2691 1096 2736 s.
1119 2672 1157 2736 V.
1181 2671 1256 2735 tom.

137 2779 153 2840 l
175 2795 205 2858 p.
228 2776 408 2853 499-511,
434 2775 471 2840 G.
494 2775 615 2839 Becker·
638 2775 739 2840 Catal.
763 2776 838 2841 bibl.
865 2776 982 2858 antiqui
1004 2795 1033 2858 p.
1058 2776 1144 2854 283),
1176 2776 1257 2839 hunc

136 2878 253 2943 librum
277 2897 295 2942 a
319 2875 398 2942 Tillo
421 2878 605 2959 usurpatum
629 2897 697 2942 esso
723 2878 817 2943 facile
840 2880 991 2954 conteias3
1015 2897 1051 2942 eo
1075 2878 1256 2942 1111111111-

134 2982 317 3046 tinebantur
340 2982 503 3045 ‘Iohannes
525 2981 683 3045 Diaconus
707 3001 800 3064 super
822 2982 1076 3064 pentateuchum.
1120 2981 1257 3045 Luciferi

140 3084 277 3166 episcopi
299 3102 354 3166 pro
370 3082 541 3148 Athanasio
564 3083 634 3147 libri
659 3084 729 3147 duo.
762 3084 800 3147 de
822 3085 949 3166 regibus
974 3083 1154 3165 apostaticis
1177 3083 1257 3148 liber

138 3205 226 3250 unus.
253 3170 301 3251 'de
332 3204 392 3249 non
414 3185 627 3249 conueniendo
650 3204 722 3249 oum
746 3187 892 3250 hereticis
915 3187 993 3251 liber
1016 3206 1105 3250 unus.
1134 3186 1172 3250 de
1195 3206 1255 3251 non

135 3289 292 3368 parcendo
315 3289 346 3351 in
371 3288 464 3351 deum
481 3287 732 3368 delinquentibus
747 3289 826 3353 liber
841 3309 931 3354 unus.
963 3289 1045 3371 quod
1060 3288 1255 3353 moriendum

136 3391 177 3453 sit
210 3410 265 3473 pro
300 3391 350 3455 dei
383 3390 447 3453 filio
480 3389 561 3453 liber
595 3409 684 3453 unus.
724 3391 855 3472 epistola
879 3391 1027 3456 Florentii
1054 3392 1135 3456 liber
1165 3411 1254 3455 1111111.

134 3493 300 3556 Athanasii
331 3493 404 3558 libri
435 3492 505 3555 duo.
541 3492 622 3556 liber
653 3494 692 3556 ad
723 3493 950 3558 Constantium.
988 3494 1179 3559 Athanasius
1215 3495 1255 3557 ad

133 3597 324 3673 monachos,
360 3613 439 3677 qnae
470 3594 580 3658 eodem
604 3595 710 3659 ordine
734 3595 829 3660 editio
851 3599 955 3674 habet,
990 3597 1254 3679 11111111111111-
1347 3608 1352 3617 ⁴

133 3698 226 3760 rentii
258 3699 297 3761 ad
319 3698 498 3762 Luciferum
527 3698 661 3778 epistula
691 3698 820 3780 eiusque
847 3718 1031 3780 responsum
1054 3700 1085 3763 in
1108 3700 1255 3783 catalogo

134 3801 169 3863 ut
200 3800 342 3881 ‘epistola
364 3801 513 3865 Florentii
547 3801 627 3866 liber
657 3803 745 3866 unus’
777 3803 987 3867 numerentur.
1027 3805 1154 3868 anobis
1178 3825 1253 3869 uero

134 3903 233 3967 codex
262 3903 316 3966 illo
331 3901 460 3968 ’11111111
482 3905 642 3986 quaesitus
666 3905 714 3967 est
737 3905 769 3967 et
790 3924 887 3986 nuper
912 3905 1015 3981 otiam,
1040 3924 1111 3969 cum
1133 3907 1253 3972 Delisle

133 4005 245 4069 harum
268 4025 374 4070 rerum
395 4007 705 4089 religiosissimus-et
729 4007 929 4072 doctissimus
952 4009 1061 4072 auctor
1083 4009 1114 4072 in
1137 4010 1252 4075 11111111-

133 4107 227 4171 theca
249 4108 391 4172 Parisina
421 4109 477 4173 sub
500 4129 544 4173 nr.
571 4109 674 4174 12309
706 4112 826 4174 exstare
860 4130 930 4175 eum
960 4110 1070 4176 testari
1093 4111 1253 4176 uideretur

135 4208 187 4292 (of.
212 4210 345 4275 Cabinet
368 4211 423 4275 dos
445 4229 519 4275 mss.
544 4213 575 4274 11
597 4213 731 4294 11438),
755 4214 790 4276 Ε.
813 4214 987 4277 Haulerum
1009 4235 1115 4279 meum
1137 4216 1251 4280 litteris

133 4312 207 4390 adii,
231 4315 266 4377 ut
289 4314 390 4379 denuo
413 4313 502 4377 illum
524 4314 665 4378 codicem
687 4315 864 4398 inspiceret,
888 4335 962 4381 num
977 4317 1056 4382 forte
1071 4319 1102 4382 in
1118 4338 1154 4383 eo
1171 4338 1250 4401 quae

183 4429 265 4484 XIIII.
1135 4454 1155 4492 a
