2850 4754
491 395 532 449 De
551 397 643 449 saneto
661 394 807 449 Athanasio
824 393 893 448 liber
909 393 942 450 11.
1220 398 1280 463 197

160 585 324 651 raeces.
369 589 446 648 suet
467 584 553 649 enim
574 583 669 648 multi
691 589 787 649 etiem
809 603 874 648 ace
904 583 1030 662 subditi,
1060 582 1231 663 accitoqui
1253 587 1283 647 et

160 690 339 771 deceptores,
363 688 501 753 rnceunc
528 689 585 769 qui
614 708 651 752 ec
679 689 916 753 circumcisione
945 692 1029 765 suut,
1064 705 1139 768 pecs
1164 691 1283 768 oportet

160 792 317 875 redorpui
350 792 407 874 qui
434 791 606 856 uniuersos
634 790 740 855 denos
768 795 912 855 ercertorct
944 789 1086 856 docentes
1114 810 1194 871 paee
1216 811 1282 854 core

160 899 275 977 oportet
296 895 402 976 turpis
430 894 514 959 decri
532 896 651 977 pratia.
697 915 768 960 eum
796 896 892 978 igitur
921 896 1018 960 talem
1047 897 1184 961 uoluerit
1213 897 1281 978 epi-

139 1015 286 1081 sscopum
308 998 388 1077 fieri,
419 999 473 1081 qui
495 1000 574 1064 hane
597 1000 757 1063 tenentem
787 1000 910 1063 uiueret
932 1000 1017 1063 uiam
1040 999 1189 1077 iustitiae,
1222 1019 1283 1082 qua

153 1097 192 1167 'tu
208 1103 397 1168 auctoritate
413 1102 454 1166 ed
470 1101 667 1166 excludenda
681 1102 832 1166 mandata
846 1103 931 1167 beati
948 1103 1080 1184 apostoli
1096 1122 1178 1167 noua
1193 1122 1282 1185 prae-

160 1205 358 1287 cepta'dare
390 1205 537 1287 dignatus
566 1211 622 1270 es?
651 1224 687 1269 ea
716 1205 867 1269 uidelicet
897 1224 976 1287 quae
1006 1224 1042 1268 ex
1071 1206 1187 1271 diaboli
1215 1225 1282 1270 esse

160 1308 327 1373 noscantur
349 1309 419 1372 orta
440 1309 612 1373 uoluntate.
659 1308 818 1390 apostolus
846 1326 896 1371 me
920 1326 979 1371 non
1002 1308 1199 1386 iracundum,
1223 1328 1282 1372 non

160 1430 374 1493 percussorem
397 1411 467 1475 uult
487 1411 566 1490 fieri,
591 1412 624 1476 ct
644 1412 680 1474 tu
702 1429 753 1474 me
768 1409 958 1474 homicidam
981 1410 1030 1474 uis
1054 1410 1146 1474 effici.
1171 1411 1283 1493 quibus

130 1526 197 1578 1⁰e1
218 1516 314 1580 rebus
335 1515 440 1596 potest
467 1515 574 1597 colligi
605 1514 748 1596 spiritum
776 1514 919 1578 sanetum
946 1513 1088 1578 locutum
1117 1533 1169 1579 ore
1199 1516 1284 1580 beati

163 1616 304 1700 apostoli,
320 1619 465 1700 spiritum
480 1636 555 1682 uero
571 1635 706 1699 nequam
720 1616 860 1681 locutum
877 1635 931 1680 ore
946 1617 1052 1681 uestro
1068 1617 1282 1684 Atrianorum.

163 1721 315 1802 conspicis
336 1721 459 1785 interea
487 1720 655 1785 mandasse
686 1720 870 1802 apostolum,
899 1719 935 1782 ut
962 1738 1019 1783 uos
1046 1721 1175 1784 ueritati
1203 1722 1284 1785 resi-

163 1823 280 1887 stentes
302 1823 508 1889 indentemini
537 1823 674 1906 episcopi
702 1822 891 1899 interuentu,
921 1821 958 1885 ut
984 1841 1040 1903 per
1069 1840 1178 1887 sanam
1208 1822 1285 1887 doe-

162 1924 275 1990 trinam
298 1928 407 1991 uestra
428 1928 538 2008 punita
560 1928 645 1992 esset
666 1926 870 2008 blasphemia.
894 1944 954 1989 non
970 1924 1011 1988 ad
1028 1926 1086 1989 hoc
1105 1926 1190 1990 beati
1208 1945 1285 2008 apo-

134 2036 153 2076 ¹⁵
164 2027 233 2091 stoli
256 2029 372 2109 protili
397 2029 516 2094 dietum
539 2035 675 2111 oportere
702 2030 883 2110 episcopam
905 2029 973 2092 siue
995 2029 1128 2092 crimine
1150 2048 1220 2105 esse,
1250 2030 1286 2092 ut

163 2149 212 2195 me
233 2132 433 2212 peccatorem
458 2149 616 2214 negarem,
651 2150 724 2196 cum
754 2133 786 2195 et
807 2150 911 2195 meam
940 2132 1039 2196 norim
1062 2132 1286 2197 conscientiam

165 2235 196 2298 et
225 2234 331 2299 dicere
360 2235 487 2299 audiam
518 2236 575 2300 Iob
602 2235 693 2299 illum
720 2235 855 2299 iustum:
889 2237 960 2316 puis
987 2237 1071 2299 caira
1099 2236 1237 2300 muudus
1266 2258 1287 2297 o

164 2338 331 2403 sordibus?
373 2358 473 2415 aerae,
506 2338 603 2403 etiam
624 2339 653 2403 si
673 2339 773 2402 caius
799 2339 865 2403 diei
887 2339 929 2402 sit
950 2339 1021 2402 aito
1042 2339 1109 2402 eius
1131 2338 1167 2400 irc
1191 2341 1287 2418 terro,

164 2441 333 2505 Iohannem
357 2441 453 2505 etiam
475 2441 604 2505 beatum
628 2440 793 2504 aduertam
817 2440 939 2505 dicere:
962 2441 992 2506 si
1013 2441 1188 2506 dixerimus
1211 2442 1288 2517 quic

131 2553 153 2594 ²⁰
159 2548 325 2624 peccatam
346 2564 411 2609 rore
426 2543 584 2623 debemus,
608 2565 665 2610 reos
679 2546 764 2626 ipsos
778 2546 953 2626 decipimus
969 2549 997 2608 et
1011 2546 1131 2608 acrites
1145 2545 1182 2607 ire
1198 2544 1286 2608 uobis

164 2667 229 2710 recu
250 2651 304 2712 cst.
338 2665 398 2712 non
422 2666 496 2731 ergo
517 2648 637 2713 ideireo
661 2649 793 2730 apostoli
807 2648 1010 2730 praeceptum
1026 2646 1152 2729 protuli,
1176 2646 1212 2710 ut
1235 2646 1288 2728 qui

164 2749 359 2815 meminerim
385 2770 437 2815 me
465 2752 664 2833 peecatorem
692 2751 908 2834 praedicarem
938 2770 1007 2815 esse
1037 2751 1102 2815 sine
1133 2751 1287 2826 sordibus,

165 2854 222 2918 sed
244 2855 280 2917 ut
300 2853 336 2919 tu
358 2873 454 2936 quam
476 2856 518 2920 sit
538 2855 658 2920 malum
681 2853 764 2937 quod
786 2854 984 2936 praeceperis
1006 2853 1074 2917 fieri
1096 2872 1206 2935 posses
1233 2853 1287 2917 ad-

164 2955 298 3021 uertere.
343 2957 484 3038 praenes,
511 2956 623 3039 inquit,
652 2957 802 3021 similiter
829 2957 962 3038 tortere,
985 2961 1020 3020 ut
1041 2955 1144 3020 sobrii
1165 2957 1232 3021 siat
1253 2957 1289 3020 iu

124 3065 153 3109 ²⁶
166 3059 319 3142 mecm,
325 3081 388 3142 per
398 3061 508 3126 uncia
518 3064 547 3124 te
557 3061 664 3141 ipsum
674 3061 812 3142 formum
819 3060 975 3141 macteris
986 3059 1137 3124 heremum
1149 3078 1287 3142 operum,

166 3161 204 3226 ire
224 3163 381 3243 doctriua2
403 3164 442 3227 ire
463 3164 652 3247 indemitate,
681 3164 719 3227 ire
739 3163 909 3246 praecitato,
937 3163 975 3227 ire
996 3181 1136 3228 sumone
1157 3183 1283 3238 aarum,

166 3264 485 3347 inreprehensibilem,
501 3271 538 3330 ut
550 3266 758 3331 aduersarius
769 3271 960 3346 reuereatrcr,
977 3266 1061 3331 ocidit
1076 3266 1192 3331 debeas
1207 3267 1289 3347 quod

166 3369 269 3434 dicere
291 3371 413 3434 ructum
434 3370 472 3433 de
492 3370 590 3433 rectis.
1150 3433 1159 3466 ὃ

209 3472 358 3538 XXVIII.
383 3471 546 3554 Quomodo
567 3489 619 3535 me
641 3471 773 3535 formam
795 3472 947 3536 bonorum
970 3491 1098 3554 operum
1115 3472 1183 3535 aliis
1198 3489 1288 3552 prae·

127 3577 157 3622 ⁸⁰
168 3575 317 3653 buissem,
334 3575 561 3661 siusanguinem
578 3574 629 3638 dei
644 3575 728 3638 serui
743 3574 919 3639 fudissem?
942 3574 1096 3656 quomodo
1113 3573 1288 3638 doctrinam

168 3677 323 3761 integram
357 3697 450 3761 quam
486 3677 684 3742 tradiderunt
718 3678 850 3759 apostoli
882 3667 1117 3759 praedicantem
1150 3693 1200 3740 me
1239 3676 1289 3740 dei

272 3865 304 3917 17
321 3863 368 3918 Iob
388 3864 429 3928 14,
447 3865 471 3918 4.
490 3864 506 3916 5
576 3864 711 3918 1911011.
731 3865 755 3929 1,
774 3865 790 3918 8
859 3863 893 3916 24
911 3863 961 3918 Tit.
980 3864 1004 3927 2,
1023 3863 1091 3917 6-8

221 4038 237 4090 5
254 4040 347 4092 tenens
359 4042 498 4107 exspectes
567 4035 672 4089 8horta
741 4035 774 4088 13
791 4033 964 4087 indentemini
982 4034 1055 4087 idem
1072 4033 1188 4088 uidetur
1206 4036 1292 4104 sipici-

170 4124 254 4190 dcere
272 4124 345 4193 quod
357 4121 550 4191 inflingamini3
567 4121 652 4217 rele'hiti
669 4120 795 4188 estquod
808 4120 950 4174 coaiciuret
967 4111 1139 4188 indepteinini
1158 4118 1291 4189 Oaapiics,

170 4227 331 4297 integerrimi
344 4225 435 4280 Titius
505 4223 538 4278 18
554 4239 621 4278 unus
697 4223 731 4276 22
749 4223 814 4292 esse]
832 4237 874 4276 me
892 4237 949 4276 esse
967 4229 1105 4292 exspectes
1179 4222 1212 4275 27
1231 4221 1293 4291 quid

172 4330 187 4368 u
