2850 4754
401 379 443 433 De
460 397 513 435 non
530 381 662 450 parcendo
679 383 708 436 in
726 382 803 436 deum
821 381 1043 452 delinquentibus.
1224 386 1284 451 231

166 588 241 649 qnae
262 570 533 650 cnpermnientia.
558 589 666 634 omneo
681 571 765 634 enim
779 571 854 633 niae
877 573 949 633 torae
965 573 1114 656 paratae,
1139 576 1286 637 creatura

165 677 217 735 tna
238 672 276 736 in
295 672 511 753 prouidentia,
535 692 599 738 ecce
621 674 706 737 enim
728 673 859 756 Assyrii
880 672 992 755 repleti
1014 678 1088 737 snat
1109 674 1145 737 in
1166 674 1287 738 nirtnte

164 794 220 840 cna
240 779 269 839 et
291 775 425 840 eeaitati
449 778 526 840 sant
545 776 584 839 in
604 795 680 858 eqao
702 779 732 841 et
753 795 924 851 ascensore,
949 780 980 840 et
998 775 1133 858 piorioti
1154 782 1227 841 snat
1250 777 1286 842 in

164 877 287 945 tracdio
302 880 459 961 peditam,
482 884 697 961 operanernnt
718 882 755 945 in
777 880 887 962 clipeis
908 884 937 943 et
958 883 1044 944 tenso
1066 900 1145 945 arcn
1165 885 1195 945 et
1208 880 1285 961 fan-

142 980 292 1060 cimmo,
328 986 356 1047 et
384 982 563 1046 nescierant
591 984 742 1063 qnoniam
773 987 807 1047 tn
834 1002 866 1047 es
894 983 1042 1047 dominns
1070 983 1127 1064 qni
1148 987 1285 1049 conteres

164 1084 250 1152 beiia.
272 1085 423 1151 dominns
438 1105 549 1149 nomen
564 1091 608 1151 ert
624 1086 691 1150 tibi.
716 1090 751 1150 ta
760 1087 872 1167 proice
886 1086 1017 1151 illoram
1032 1088 1127 1167 nires,
1151 1092 1284 1171 aeterne,

164 1193 280 1252 contere
302 1187 433 1252 iliorum
449 1187 687 1269 plenitudinem
709 1190 828 1253 nirtnte
842 1193 900 1252 tao
914 1193 943 1252 et
958 1190 1056 1254 dednc
1070 1209 1178 1254 eornm
1193 1194 1282 1254 tena-

164 1292 286 1355 citatem
308 1291 345 1354 in
367 1293 422 1355 ira
443 1296 510 1355 tna.
535 1292 754 1374 capitanernnt
780 1293 864 1355 enim
892 1292 1051 1372 frustrare
1080 1296 1193 1358 saneta
1215 1298 1280 1379 tna,

164 1394 366 1474 comoninare
387 1393 629 1459 tabernaculam
656 1395 862 1476 requietionis
891 1399 966 1459 inae
989 1396 1132 1460 nominis
1154 1395 1283 1460 donori-

133 1497 211 1577 ndci
239 1499 306 1578 tni,
340 1498 569 1580 adprehendere
601 1499 687 1580 ferro
722 1518 820 1562 corna
853 1498 969 1562 altaris
1003 1501 1059 1564 tni.
1098 1501 1217 1580 respice
1246 1501 1284 1564 in

163 1598 291 1683 fastipio
313 1620 430 1681 eornm,
454 1602 498 1665 da
520 1601 557 1663 in
579 1620 680 1665 monn
702 1621 772 1665 mea
794 1601 913 1665 nidnae
934 1621 1030 1681 qnam
1053 1604 1193 1685 capitoni
1215 1604 1284 1667 nir-

165 1708 255 1768 tntem
278 1708 308 1769 et
324 1709 454 1786 perante
477 1723 511 1769 os
533 1725 640 1769 eornm
663 1704 758 1768 tabiis
774 1705 999 1786 persuasionis
1022 1726 1109 1769 meae
1130 1707 1166 1770 in
1183 1708 1282 1788 prin-

164 1809 227 1888 cipe
248 1812 278 1872 et
294 1808 479 1889 principem
506 1827 602 1888 snper
629 1826 757 1870 sernum
785 1826 891 1887 sicam,
925 1826 1043 1887 qnassa
1076 1807 1286 1872 snbstantiam

164 1912 226 1975 eins
248 1913 286 1975 in
307 1931 409 1975 mann
429 1911 557 1976 nidnae.
596 1930 661 1974 non
690 1911 775 1975 enim
802 1911 837 1973 in
860 1909 1065 1975 mnititndine
1087 1911 1192 1974 airtns
1214 1915 1284 1988 tna,

133 2015 212 2078 used
234 2034 289 2080 nee
305 2015 453 2096 potentia
475 2035 572 2095 neone
594 2015 705 2078 datam
727 2019 817 2077 tnnm
844 2015 880 2078 in
908 2014 1059 2094 fortibus,
1096 2015 1149 2078 sed
1177 2014 1282 2078 inmi-

164 2117 239 2181 iimn
261 2137 294 2181 es
315 2117 407 2201 deno,
443 2118 645 2199 informornm
666 2117 879 2196 adiutorium,
914 2118 1094 2200 infirmium
1116 2122 1283 2199 snsceptor,

163 2220 395 2302 desperatorum
418 2223 573 2286 sainator.
622 2222 718 2287 etiam
741 2221 817 2285 dens
836 2222 944 2300 patris
964 2222 1025 2285 mei
1049 2226 1078 2285 et
1098 2223 1174 2285 dens
1195 2220 1282 2284 here-

163 2324 272 2388 ditatis
294 2323 411 2406 Israel,
448 2325 573 2389 domine
595 2324 776 2389 dominator
798 2323 955 2387 caeteram
977 2329 1006 2387 et
1027 2328 1140 2404 terrae,
1163 2328 1284 2387 creator

164 2447 334 2507 canaram,
365 2447 421 2491 rea
444 2428 540 2492 totins
562 2432 740 2505 creatorae,
763 2427 881 2491 enandi
904 2426 1147 2491 obsecrationem
1169 2447 1283 2503 meam,

132 2530 201 2592 ndo
228 2531 406 2594 nocentiam
435 2534 463 2594 et
490 2531 669 2595 snasimem
691 2531 727 2594 in
749 2530 879 2594 nninere
901 2534 928 2592 et
951 2532 988 2594 in
1011 2531 1145 2594 linorem
1167 2549 1283 2614 eornm,

163 2633 214 2712 qni
234 2633 390 2698 aduersae
412 2637 634 2698 testamentnm
655 2638 683 2698 et
705 2634 832 2698 domam
853 2637 999 2698 sanctam
1021 2637 1111 2698 inam
1134 2638 1161 2697 et
1183 2636 1283 2698 nerti-

164 2755 205 2800 oes
232 2735 312 2804 Sion
338 2740 368 2800 et
394 2737 503 2801 domni
530 2736 715 2800 retentionis
741 2736 883 2819 fitiorum
912 2741 1039 2799 inornm
1067 2737 1286 2818 capitanemnt

162 2837 249 2906 daca.
287 2840 341 2920 fae
364 2843 514 2922 insuper
536 2845 801 2922 omnempentem
829 2845 857 2903 et
887 2841 1004 2904 tribnm
1033 2859 1156 2904 omnem
1183 2841 1311 2911 sciant,

163 2942 235 3021 nnio
255 2947 292 3007 ta
315 2962 347 3007 es
368 2942 445 3008 dens
466 2945 636 3007 nninersae
653 2944 821 3023 potestatis
847 2947 876 3006 et
904 2943 1053 3021 nictatio,
1089 2947 1117 3006 et
1146 2963 1213 3007 non
1241 2948 1286 3008 est

131 3044 244 3109 acatius
265 3045 410 3127 defensor
430 3047 555 3129 poneris
578 3047 682 3111 Israel
699 3051 830 3128 praeter
852 3051 889 3109 te.

199 3148 253 3213 XI.
292 3148 375 3229 Quid
399 3150 440 3212 ad
462 3150 539 3214 haao
569 3150 705 3231 prudens
733 3167 823 3213 mons
851 3149 908 3212 tua
938 3149 1053 3213 sentiro
1084 3150 1285 3233 dignabitur?

163 3251 385 3333 numquidnam
407 3253 525 3333 poteris
550 3253 654 3316 dicore
677 3253 748 3333 post
771 3252 849 3314 hanc
875 3251 934 3315 deo
956 3252 1060 3316 fusam
1083 3256 1192 3318 eontra
1206 3254 1284 3317 roli-

163 3353 257 3434 gionis
284 3355 392 3418 hostes
421 3355 686 3432 obsecrationem,
722 3354 806 3436 quod
830 3354 991 3418 animnos
1014 3356 1097 3419 malo
1121 3356 1228 3420 ordino
1249 3355 1282 3419 ia

163 3459 267 3522 contra
296 3458 449 3535 nitamur,
485 3459 558 3540 quia
590 3459 732 3522 dicamus
760 3457 835 3521 tibi:
869 3462 927 3522 ant
954 3461 1074 3542 corripe
1102 3461 1176 3524 nias
1210 3464 1282 3523 taos

133 3579 282 3638 npranas
311 3567 340 3626 et
367 3563 435 3626 noti
465 3563 521 3627 tciri
549 3565 586 3627 in
613 3563 743 3645 imperii
769 3563 820 3626 tni
844 3562 971 3643 placere
986 3564 1132 3643 potentia
1154 3568 1211 3625 ant
1232 3582 1282 3626 co-

162 3683 265 3741 nnosce
296 3665 340 3729 ad
368 3665 507 3730 nitidam
536 3671 563 3730 te
585 3669 840 3746 pernentnrnm?
884 3664 959 3746 quid
988 3665 1075 3728 aliud
1103 3684 1160 3730 nos
1190 3666 1282 3731 hodio

163 3762 291 3832 facimus
316 3767 367 3831 dci
390 3770 483 3846 serui,
508 3771 575 3833 eius
598 3769 723 3834 diuinae
745 3767 973 3850 magnitudinis
997 3767 1195 3846 sacerdotem,
1222 3770 1282 3834 nisi

207 3957 223 4008 3
241 3972 324 4025 aequo
422 3960 439 4009 4
456 3960 543 4026 tanco]
562 3973 642 4025 gaeso
662 3962 690 4012 ci
708 3959 777 4012 coni.
801 3957 973 4011 Gatiandins
1069 3932 1219 4011 fundabilis

163 4040 278 4098 ibellua
349 4045 363 4096 7
382 4043 460 4096 diduc
478 4045 545 4109 fort.
627 4045 643 4098 8
662 4044 838 4114 cogitauerint
856 4062 888 4097 m.
907 4049 923 4096 1
1005 4042 1036 4094 12
1055 4058 1084 4094 os
1103 4045 1173 4097 coni.
1194 4045 1285 4099 Titine

162 4139 190 4190 m
205 4131 279 4184 notio
299 4134 396 4197 (eorum
414 4127 507 4195 omi),
528 4146 571 4183 coa
594 4133 642 4196 Vo,
661 4147 749 4185 seruos
768 4131 835 4197 sort.
857 4131 991 4199 (πάταξον
1011 4130 1121 4198 δοῦλον)
1197 4133 1230 4185 16
1247 4133 1286 4185 in·
1373 4191 1376 4197 ⁴

162 4211 287 4268 firmorum
305 4233 321 4269 o
390 4214 424 4267 23
440 4217 516 4279 dura.
533 4215 577 4269 fac
594 4219 625 4269 tu
643 4219 755 4286 scripsi,
775 4216 841 4270 dura
858 4219 930 4271 facta
946 4219 994 4283 Vn,
1015 4219 1086 4273 dura.
1105 4217 1141 4270 m
1158 4217 1200 4271 fac
1218 4220 1288 4273 coni.

166 4297 330 4355 Gadandinc
