2850 4754
448 413 491 467 Dc
508 429 561 468 non
579 413 759 469 conueniendo
776 429 835 468 cum
851 414 999 469 haereticis.
1247 419 1290 486 33

165 599 308 682 apostoli,
333 600 369 664 ut
388 601 422 665 te
446 601 541 684 etque
564 601 683 669 similos
705 602 764 667 tibi
778 602 951 667 niteremus
968 605 1000 667 et
1013 603 1046 667 in
1062 606 1210 688 suscepta
1223 605 1288 672 fide

163 720 263 786 usquo
287 703 329 767 od
349 703 460 768 mortis
484 703 602 768 exitum
623 709 844 770 maneremus?
865 705 970 771 ladas
991 706 1067 771 Iesa
1083 706 1206 774 Olristi
1226 699 1287 774 ser·

162 825 231 885 aas,
254 805 358 887 frater
379 810 485 872 autem
506 806 615 872 locali
643 807 694 872 lis
723 808 779 889 qai
806 808 843 872 ia
865 810 920 874 deo
941 813 1033 890 patre
1054 810 1178 876 dilectis
1199 816 1228 876 et
1249 813 1287 877 im

162 909 239 974 lesa
253 908 383 976 Olristo
399 912 592 976 cmseracta
613 912 743 976 accolis.
767 911 987 977 misericordia
1009 912 1096 978 mobis
1120 918 1147 978 et
1163 934 1237 996 pao
1258 920 1288 980 et
1312 948 1314 952 ·

138 1012 283 1078 scaritos
305 1011 543 1094 multiplicator.
568 1014 737 1092 carissimi,
760 1034 880 1080 mamam
895 1004 1141 1082 sollicitudinem
1161 1017 1286 1100 faciens

161 1115 320 1180 scribendi
341 1115 429 1180 mobis
449 1117 488 1182 de
509 1116 670 1182 oommami
699 1121 811 1182 mostra
838 1117 940 1182 solato
968 1119 1124 1200 deprecor,
1153 1123 1191 1183 ot
1213 1139 1287 1201 per-

162 1216 312 1282 laboretis
331 1217 426 1283 semcl
447 1219 587 1286 traditae
601 1219 753 1285 societati.
776 1219 1039 1286 salimtramramt
1053 1222 1138 1286 emim
1153 1221 1285 1304 amidam

161 1320 311 1404 lomimes,
334 1322 410 1387 olim
433 1322 559 1404 quidem
569 1324 766 1404 praescripti
781 1323 825 1388 ad
839 1322 896 1389 loc
910 1324 1078 1401 iadicimm,
1102 1324 1206 1408 inpii,
1229 1325 1287 1407 qai

161 1424 213 1488 dei
234 1424 377 1506 pratiam
400 1425 602 1506 transforaret
623 1425 667 1490 ad
690 1424 917 1506 impadioitiam
932 1427 1032 1509 etqui
1047 1431 1091 1491 est
1105 1427 1287 1492 dominator

122 1532 266 1592 1omcster
293 1529 490 1593 etdomimms
512 1528 604 1593 Iesos
623 1527 770 1594 Christos
793 1549 862 1593 eam
884 1533 1044 1614 mepamtes.
1089 1546 1162 1593 oum
1183 1547 1285 1612 noge-

159 1629 282 1695 toribus
303 1630 394 1695 uobis
415 1630 608 1713 blasphemis
631 1629 734 1694 fuerat
756 1628 843 1694 nefas
872 1631 1049 1710 conuenire,
1079 1650 1152 1695 cum
1181 1631 1283 1697 adhuc

163 1752 271 1798 sorum
309 1733 361 1814 qui
398 1733 588 1815 transgressi
629 1733 701 1797 sunl
722 1732 895 1826 ‘mandate
933 1733 1049 1799 domini
1090 1752 1284 1817 praeponens

162 1835 306 1918 exempla
326 1835 440 1918 urgeat
463 1835 559 1900 corda
580 1835 687 1900 nostra
710 1854 838 1900 menore
866 1836 897 1900 in
922 1855 960 1900 eo
987 1836 1050 1901 fido
1078 1836 1110 1900 in
1134 1853 1196 1918 quo
1216 1836 1284 1918 ipso

160 1938 308 2003 uideatur
328 1936 492 2002 mansisse.
537 1939 705 2004 admonere
725 1939 834 2020 itaqae
855 1958 913 2004 mos
934 1938 1005 2004 molo
1019 1939 1135 2018 diceas,
1154 1939 1284 2004 scientes

122 2062 148 2101 15
160 2042 281 2126 ommia,
303 2042 456 2123 amomiam
478 2042 555 2106 deas
570 2042 729 2123 papalum
743 2062 836 2107 samm
850 2045 888 2108 de
906 2047 992 2108 terra
1007 2042 1142 2125 Aepppti
1155 2041 1284 2106 salmam

160 2144 250 2229 fecit3
274 2143 446 2208 secandam
467 2148 572 2208 amtem
587 2164 652 2210 mom
670 2145 824 2210 cralemes
836 2145 999 2228 perdidit,
1023 2145 1152 2229 ampelos
1167 2163 1286 2226 qaoqae

160 2248 216 2328 qai
238 2266 305 2310 mom
327 2251 538 2312 seraaacrmat
558 2248 699 2312 ordimem
718 2267 823 2324 samm,
846 2248 900 2313 sed
914 2247 1146 2330 dereliqueram
1161 2245 1285 2311 liabita-

161 2350 268 2414 calam
289 2369 393 2428 samm,
416 2351 453 2414 im
475 2350 632 2415 iadiciam
654 2351 766 2433 mapmi
786 2351 838 2416 dei
865 2351 1008 2415 mimcalis
1029 2369 1079 2414 eos
1100 2353 1285 2414 sanctorum

162 2452 346 2534 ampeloram
366 2453 423 2517 sal
445 2453 587 2518 tenebras
602 2453 1037 2527 seraaait.,Sodoma'aatem
1055 2457 1084 2516 et
1102 2450 1285 2518 Gomorrha

122 2573 149 2612 eo
161 2559 190 2619 et
210 2575 291 2637 qaae
313 2555 398 2620 circa
420 2575 473 2620 eas
490 2560 583 2621 eramt
605 2557 762 2639 ciuitates,
786 2556 835 2621 lis
857 2555 959 2620 simili
980 2557 1072 2620 modo
1094 2575 1165 2620 cam
1187 2553 1281 2618 adal·

160 2659 275 2722 teriam
297 2657 443 2738 fecissem
465 2663 493 2722 et
507 2679 635 2725 caraem
649 2664 771 2725 secatae
785 2663 894 2741 essent,
918 2657 1001 2724 cirris
1012 2657 1194 2738 propositae
1209 2662 1285 2722 sarit

160 2759 346 2842 eaemplam,
371 2761 458 2842 ipmis
479 2763 602 2827 aelami
620 2782 757 2843 pomam
779 2761 978 2827 sastimemtes.
1001 2759 1153 2824 similiter
1176 2760 1284 2841 itaqae

160 2864 264 2928 disti
277 2864 473 2928 sommiamtes
495 2884 623 2928 carmem
644 2865 769 2946 quidem
792 2863 1010 2945 eoimqaimamt,
1034 2862 1282 2927 domimatioaem

160 2970 267 3031 amtem
286 2969 450 3047 spermamt.
491 2966 523 3029 et
543 2964 641 3030 infra:
667 2986 727 3031 aaa
748 2966 827 3045 illis,
850 2966 1002 3047 qaomiam
1024 2965 1061 3028 iri
1083 2965 1174 3029 aiam
1197 2964 1285 3031 (laia

121 3086 148 3124 2⁵
160 3070 306 3134 abiermmt
316 3073 345 3132 et
356 3069 393 3132 im
404 3068 612 3133 sedactiomem
624 3066 715 3132 Baal
731 3066 868 3132 mercede
879 3065 973 3147 effusi
983 3070 1059 3130 sarit
1070 3066 1146 3131 etia
1157 3071 1281 3141 ¹eoritra·

159 3172 327 3236 dietiomem
361 3169 453 3236 Coreli
480 3171 658 3252 perieraat.
701 3168 737 3233 li
770 3173 845 3233 soret
877 3169 914 3233 im
947 3169 1136 3233 caritatibus
1168 3170 1283 3234 aestris

160 3272 303 3337 maaalae
329 3273 400 3337 sime
427 3273 538 3337 timore
569 3276 664 3336 semet
686 3272 771 3353 ipsos
798 3275 946 3353 repentes,
982 3272 1077 3336 males
1105 3271 1174 3335 sirie
1197 3291 1282 3352 aqaa

160 3377 248 3440 ommi
269 3379 364 3440 meato
393 3374 672 3456 circmaferemdae,
703 3373 828 3437 arbores
851 3374 1052 3438 aatmmaales
1073 3375 1142 3437 sime
1162 3373 1279 3455 fracta,

160 3482 303 3543 mortaae
319 3498 340 3541 a
362 3477 524 3542 radicibus
539 3476 676 3558 auulsas,
692 3476 809 3555 slmiles
823 3475 938 3556 feroces
953 3477 1065 3555 maris,
1088 3476 1279 3555 despamaa-
1387 3473 1389 3477 ’

122 3595 149 3637 a
162 3584 204 3645 tes
236 3579 454 3661 tarpitadimes
486 3596 579 3659 saas,
608 3577 770 3659 procellae
798 3578 981 3656 sedaceates,
1016 3577 1128 3659 qaibas
1156 3581 1282 3658 tempas

262 3835 352 3889 llud.
371 3835 438 3888 1-3
508 3835 541 3887 14
558 3834 594 3888 ib.
613 3834 681 3887 5-8
750 3832 838 3885 2411).
857 3830 958 3885 11-13

210 4059 381 4129 8prescribti
455 4057 672 4127 9inpuditioiam
758 4056 788 4108 11
807 4053 921 4109 fueriti>
997 4053 1029 4107 12
1046 4069 1192 4123 proponens
1211 4055 1283 4108 corsi.

166 4146 333 4200 Gallarodias
404 4144 437 4197 18
454 4144 577 4198 iuditium
595 4149 621 4197 et
639 4144 679 4197 sic
697 4143 755 4209 tere
768 4158 873 4210 semper
943 4140 997 4194 diei
1017 4140 1088 4194 Gall.
1159 4140 1191 4193 19
1209 4142 1282 4194 tene·
1371 4188 1374 4195 .

162 4229 246 4286 briss
315 4247 436 4300 gomorra
504 4230 537 4282 25
554 4229 635 4282 bahal
703 4228 736 4282 26
754 4227 891 4284 Chorebv
960 4227 992 4280 28
1011 4225 1212 4279 circumferendo

163 4313 193 4370 29
210 4317 303 4372 ferocis
321 4317 400 4370 maris
419 4315 592 4384 dispumantis
608 4316 639 4378 V,
658 4312 756 4368 feroces
773 4331 807 4369 m.
826 4313 1000 4384 dispumantis
1019 4330 1048 4384 υς
1071 4329 1120 4367 em.
1140 4311 1216 4367 Gall.

118 4393 289 4474 'nm
1180 4416 1201 4470 s
