2850 4754
132 370 198 437 286
627 371 780 426 Luciferi

177 562 217 627 ll.
240 559 390 626 Aduertis
413 562 570 644 quomodo
593 561 715 626 caduca
739 563 908 628 dominatio
930 564 987 629 tua
1009 566 1126 648 quanto
1148 566 1258 630 contra

134 684 190 730 nos
220 665 343 730 saeuire
373 664 529 747 dignatur,
565 666 649 747 quod
675 659 764 731 tanto
795 685 832 731 oa
853 666 1010 733 iudicetur
1034 687 1104 734 osse
1125 669 1258 733 infirmis

134 768 379 850 contemptibilis
394 767 496 832 inanis
512 767 625 834 debilis
642 769 674 833 et
689 768 827 846 abiecta3
843 764 946 835 lurore
963 772 1079 836 atenim
1092 773 1124 836 at
1140 773 1259 838 scolere

135 871 295 935 concitata
315 889 427 936 manus
449 872 506 936 tua
528 872 570 937 ad
591 872 791 954 perimendos
818 893 874 939 nos
897 866 1040 957 quotiens
1069 876 1258 967 praemaluit,

130 974 248 1039 totiens
279 986 336 1039 nos
359 976 498 1041 creuisse
529 977 561 1041 et
590 977 693 1060 magis
717 969 810 1059 atque
831 978 934 1060 magis
956 978 1094 1043 uictores
1118 979 1259 1044 extitisse
1283 989 1294 1029 ⁵

133 1072 342 1144 meminimus.
388 1079 537 1145 mactasti
560 1098 655 1163 quam
676 1074 827 1162 plurimos
848 1081 881 1145 in
904 1080 1103 1160 Alexandria,
1132 1083 1260 1148 laniasti

134 1184 238 1249 sartos
260 1184 327 1248 toto
343 1182 374 1247 in
391 1184 475 1259 orbe,
502 1181 717 1264 disperdidisti
731 1184 917 1248 resistentes
931 1185 989 1249 tibi
1005 1186 1101 1250 uariis
1116 1186 1149 1250 in
1164 1187 1258 1261 locis3

133 1288 190 1354 sed
212 1288 246 1352 hi
269 1305 393 1364 omnes,
429 1286 513 1368 quod
543 1286 578 1349 tu
602 1285 709 1351 andire
739 1287 868 1351 minime
890 1287 954 1366 nis,
988 1289 1142 1373 martyres
1171 1291 1258 1364 sunt3

131 1391 205 1455 illos
229 1408 336 1454 omnes
359 1389 558 1453 beatissimos
580 1388 635 1453 tno
658 1389 814 1454 mactatos
835 1389 942 1471 gladio
963 1389 996 1454 in
1017 1391 1165 1472 paradiso
1190 1410 1258 1457 esse

135 1494 285 1580 <uti>que
309 1492 477 1557 credimus.
502 1491 595 1556 crede
612 1492 689 1556 mihi
712 1492 796 1573 quod
812 1494 878 1556 ate
894 1492 1096 1559 statuerimus
1110 1495 1256 1572 interfici,
1271 1503 1291 1543 ¹⁰

133 1597 209 1679 quia
232 1598 264 1660 et
285 1596 399 1660 melium
423 1614 494 1660 esse
516 1594 688 1658 uiderimus
715 1595 748 1658 in
778 1595 881 1658 omnia
911 1614 991 1659 aena
1020 1596 1113 1662 deum
1141 1599 1258 1663 habero

134 1701 307 1766 amatorem
335 1719 429 1783 quam
457 1700 563 1763 tecum
593 1698 688 1763 ludas
722 1696 905 1763 Scariothao
941 1701 1034 1781 atque
1067 1700 1258 1765 Iudaeorum

132 1804 290 1870 imitatore
312 1803 423 1886 puniri.
461 1803 533 1866 hinc
558 1802 607 1866 est
630 1801 772 1883 deniquo,
798 1801 970 1880 Constanti,
995 1803 1078 1885 qnod
1096 1803 1257 1868 frendores

133 1909 252 1974 colubri
275 1928 331 1990 per
352 1908 384 1971 te
407 1906 521 1972 inlatos
544 1925 603 1970 non
626 1904 774 1970 timentes
798 1906 902 1969 subire
917 1906 1018 1986 parati
1035 1924 1142 1971 sumus
1166 1925 1256 1971 omne

133 2012 272 2076 exitium.
295 2029 465 2092 numquam
487 2028 544 2074 nos
560 2009 760 2074 consiliorum
775 2009 952 2074 nostrorum
966 2010 1125 2091 paenitere
1140 2009 1256 2092 potest,
1269 2025 1291 2064 1⁵

132 2116 160 2179 si
182 2133 238 2196 per
259 2114 292 2178 te
314 2113 446 2177 mactati
469 2112 522 2195 qui
547 2110 649 2176 adhuc
667 2111 730 2175 tuis
746 2109 926 2176 crudelibus
941 2112 1095 2177 restitisse
1110 2112 1257 2179 uidemur

132 2219 276 2283 manibus
291 2217 450 2281 fuerimus.
475 2233 559 2280 mors
576 2214 691 2279 atenim
707 2233 801 2297 quam
817 2214 905 2280 nobis
920 2215 956 2278 tu
971 2214 1125 2280 minitaris
1139 2215 1256 2281 inferre

132 2321 276 2386 omnibus
300 2321 348 2384 est
369 2318 495 2401 parata3
519 2319 641 2382 tantam
655 2336 731 2382 nero
745 2317 973 2383 beatitudinem
990 2316 1139 2399 quantam
1155 2318 1257 2383 sancti

133 2422 206 2488 sunt
232 2422 384 2506 martyres
414 2421 520 2515 adepti
547 2438 638 2485 nemo
666 2421 702 2483 ut
731 2420 875 2484 uidemus
903 2420 952 2484 est
974 2421 1172 2499 consecutus,
1196 2422 1256 2486 nisi

132 2525 165 2590 hi
188 2525 241 2608 qui
262 2524 396 2589 mortem
418 2523 544 2604 propter
564 2522 692 2585 unicum
716 2519 767 2585 dei
789 2521 890 2585 filium
913 2522 1077 2586 moriundo
1099 2522 1291 2588 niceronta

133 2627 254 2693 dicatos
279 2628 337 2691 deo
358 2626 500 2691 homines
521 2625 649 2707 torques
663 2623 815 2690 interficis
832 2625 1030 2705 exterminas,
1055 2627 1086 2690 et
1101 2644 1158 2691 cnr
1176 2628 1255 2692 haec

131 2749 225 2814 geras
247 2749 360 2795 causas
384 2730 524 2793 odiorum
546 2727 680 2793 reddere
701 2747 762 2793 non
777 2728 875 2793 ucles.
899 2730 973 2811 qnia
987 2731 1022 2794 tu
1039 2749 1134 2808 erras,
1159 2731 1255 2795 etiam

131 2835 220 2898 nobis
253 2834 399 2897 irasceris
433 2851 488 2896 cur
521 2850 630 2895 ueram
662 2830 825 2895 teneamus
858 2831 953 2910 uiam,
989 2833 1119 2898 etcum
1148 2835 1256 2898 nostra

132 2935 251 3001 salubri
274 2936 484 3000 admonitione
507 2934 663 3016 corrigere
684 2934 717 2998 te
740 2935 851 3016 possis,
886 2953 1005 3000 errores
1033 2936 1105 3000 tuos
1126 2930 1255 3019 insuper

131 3037 311 3103 crudelibus
340 3036 433 3102 factis
463 3054 642 3114 coaoemas,
680 3037 801 3103 dicatas
831 3037 889 3102 deo
917 3040 1039 3103 montes
1069 3039 1290 3106 euisceratis²⁵

130 3140 312 3224 corporibus
336 3141 522 3222 extorquens
539 3158 655 3219 eornm,
679 3141 733 3222 qui
749 3136 951 3207 statuerimus
968 3142 1026 3208 deo
1041 3143 1137 3208 fidem
1152 3162 1252 3227 usque

132 3244 173 3308 ad
196 3243 336 3308 extrema
363 3243 450 3306 uitae
478 3261 605 3307 seruare
629 3243 793 3307 curricula.
839 3244 990 3327 perspicis
1011 3246 1059 3309 ita
1080 3241 1158 3311 haec
1184 3266 1253 3313 esse

132 3348 164 3411 ot
186 3346 313 3429 quidem
335 3365 395 3410 non
418 3345 484 3410 sine
506 3346 642 3411 marimo
666 3347 771 3412 dolore
800 3347 864 3426 tnc,
893 3366 967 3412 cnm
995 3367 1055 3412 non
1084 3349 1192 3414 ualere
1220 3350 1253 3415 tc

130 3450 271 3515 aduertis
293 3468 350 3514 nos
373 3450 411 3513 ab
434 3450 493 3513 hac
517 3467 596 3529 quae
618 3450 687 3515 sola
705 3450 754 3514 est
767 3450 918 3534 religione
935 3449 1112 3529 deflectere,
1137 3454 1176 3518 ab
1191 3453 1253 3518 isto

130 3572 234 3632 cursu,
249 3554 281 3617 in
298 3571 358 3635 quo
375 3551 415 3616 ad
430 3551 573 3616 brauium
589 3571 712 3618 sursum
725 3554 898 3618 uocationis
910 3553 1069 3618 tendimus
1080 3554 1251 3633 retrahere,
1265 3564 1289 3604 ω

233 3706 266 3759 ao
285 3704 317 3759 cf.
335 3704 411 3785 amr..
422 3703 447 3770 3,
468 3706 500 3758 14

182 3844 279 3912 ipost
297 3843 421 3912 dignatur
443 3844 529 3896 acerba
548 3845 645 3911 quanto
665 3845 757 3896 contra
775 3859 821 3895 nos
840 3842 924 3897 seuire
943 3843 1066 3912 dignatur
1083 3843 1158 3909 salso
1178 3861 1252 3913 repe-

131 3931 187 3982 tito
204 3945 238 3983 m.
255 3933 271 3982 1
290 3945 351 3997 cap.
420 3928 553 3982 5totiens
572 3946 595 3996 v,
613 3928 714 3983 cutiens
731 3930 757 3984 V
821 3929 986 3982 9mactotos
1053 3928 1184 3998 paradyso

132 4014 165 4068 lo
182 4014 272 4082 utique
290 4014 401 4082 scripsi,
421 4013 465 4082 qui
487 4014 548 4081 Vo‚“
558 4015 620 4083 quin
643 4015 713 4068 cocci.
736 4014 907 4068 Gattaado'es
1012 4013 1044 4067 12
1061 4015 1089 4065 te
1108 4029 1167 4067 cum
1188 4013 1252 4068 luda

131 4099 284 4156 Scariotho
371 4100 450 4168 atqua
468 4115 553 4152 omo
634 4099 666 4152 13
684 4099 815 4153 imitatore
834 4100 944 4168 scripsi,
962 4100 1123 4152 imitatorem
1144 4100 1184 4153 Vo

132 4185 165 4239 18
183 4185 275 4237 sancta
291 4189 360 4239 m.1
429 4183 463 4236 22
483 4169 570 4253 ,cuia
582 4186 617 4254 cu
635 4200 713 4239 erras.
730 4185 820 4238 Etiam
837 4187 878 4240 cc'c
898 4185 1083 4255 diotdcpuo'to
1158 4184 1192 4238 27
1213 4201 1252 4238 ex-

129 4273 216 4323 trema
283 4267 317 4321 30
335 4285 436 4342 sursum
453 4271 522 4324 cocci.
535 4271 680 4335 Latinius,
699 4286 800 4323 mrsum
815 4271 854 4338 V;
872 4287 911 4323 aa
923 4270 1170 4324 sursumuocationis
1184 4287 1252 4325 com·

126 4354 253 4425 positam
271 4352 332 4408 est?
350 4353 389 4412 εἰς
405 4353 436 4406 τὸ
453 4354 579 4422 βραβεῖον
596 4355 644 4422 τῆς
661 4355 717 4407 ἄνω
737 4355 855 4422 κλήσεως
874 4356 921 4424 (cf.
936 4347 1071 4410 Romech.
1089 4355 1139 4409 It.²
1150 4358 1217 4422 239)
