2850 4754
435 389 477 444 De
495 405 549 443 non
566 391 698 459 parcendo
717 393 744 444 in
763 391 839 446 deum
858 392 1081 462 delinquentibus.
1261 394 1323 458 235

194 598 263 643 sum
293 579 401 644 uidere
431 583 650 646 contritionem
672 588 800 647 sunctae
830 584 988 661 ciuitatis,
1023 588 1051 646 ct
1074 583 1220 648 sederunt
1241 584 1318 665 idtio,

194 701 263 745 curn
286 683 416 747 daretur
430 685 468 748 in
491 704 590 748 monn
612 685 819 750 inimicorum
840 685 1065 766 sanctificatio,
1089 688 1125 750 in
1143 706 1244 750 runnu
1266 706 1319 751 en·

195 786 358 848 tororum?
393 786 424 849 st
445 786 542 850 infra:
567 789 670 852 ornnis
692 791 825 853 ornatus
847 790 914 854 eius
936 788 1062 853 obtutus
1084 793 1138 873 est,
1162 809 1200 852 erc
1223 788 1321 853 libero

193 886 281 967 fucta
309 892 353 952 est
381 889 512 954 ancilia.
551 910 616 954 ecce
637 894 752 954 sanctu
772 895 884 955 nostro
906 895 936 955 et
956 892 1139 971 speciositas
1162 896 1273 956 nostro
1294 898 1321 956 et

170 1009 182 1048 s
192 987 298 1070 picria
321 996 433 1056 nostru
454 992 597 1056 desoluto
618 997 672 1072 cst,
696 997 727 1056 et
743 992 929 1073 polluerunt
951 1013 1021 1056 corn
1041 997 1156 1075 pentes.
1184 994 1318 1074 utquid

193 1093 279 1181 nobis
301 1094 407 1158 adduc
429 1096 526 1159 nito?
559 1100 588 1158 et
610 1096 763 1159 conscidit
785 1095 969 1160 Motothius
991 1101 1019 1158 et
1040 1096 1106 1177 pitu·
1132 1097 1199 1158 eins
1221 1097 1318 1159 uesti-

193 1200 299 1261 mento
321 1216 392 1276 suo,
417 1203 445 1262 et
461 1203 748 1279 percooperuerunt
769 1217 801 1263 se
825 1199 940 1262 ciliciis
963 1203 992 1261 et
1008 1200 1127 1263 tucturn
1142 1199 1320 1263 debuerunt

193 1298 297 1364 ualde.
320 1303 349 1363 et
370 1305 525 1364 uenerunt
548 1302 604 1380 qui
626 1305 718 1364 erunt
740 1321 762 1364 o
783 1321 851 1382 repe
873 1305 902 1364 et
924 1300 1141 1380 conpatiebcnt
1156 1302 1320 1366 discessio-

193 1421 262 1465 nem
289 1403 326 1464 in
349 1403 480 1466 Modiin
509 1405 672 1467 ciuitatem
699 1407 736 1467 ut
763 1404 994 1484 sacrificarent.
1035 1408 1063 1467 et
1092 1403 1185 1468 inniti
1213 1404 1319 1468 Israel

160 1538 182 1577 10
192 1511 388 1569 accesserunt
404 1506 446 1568 od
461 1527 521 1572 eos.
545 1511 574 1570 et
589 1506 774 1570 Mototdios
796 1511 825 1570 et
845 1505 911 1588 sitii
933 1507 1002 1570 eius
1023 1507 1203 1590 conprcpoti
1232 1511 1316 1571 sunt.

193 1612 219 1670 ct
241 1608 470 1689 responderunt
492 1610 548 1690 qui
571 1629 684 1692 crepe
706 1610 796 1673 rnr'ssi
817 1608 949 1690 fuerunt
971 1614 1001 1673 ct
1015 1612 1109 1674 ciunt
1136 1610 1319 1675 Mototdioo

193 1711 342 1777 dicentes:
369 1714 524 1794 princeps
546 1718 575 1775 ct
596 1712 712 1776 nobilis
734 1716 764 1777 ct
785 1732 921 1795 inopnus
943 1731 974 1775 es
994 1713 1032 1776 in
1054 1713 1183 1776 ciuitute
1206 1714 1271 1775 istc
1292 1718 1320 1776 et

193 1817 396 1888 confirmatus
418 1816 499 1897 filiis
521 1821 549 1880 et
571 1816 737 1897 frutribus.
763 1837 848 1880 nnnc
872 1817 980 1880 accede
997 1817 1127 1896 primus
1144 1820 1172 1877 et
1186 1815 1239 1896 foc
1257 1818 1318 1879 irn-

188 1917 314 1995 periurn
336 1919 429 2002 repis,
451 1920 532 1982 sicut
553 1919 694 1999 fecerunt
712 1938 819 1982 omnm
839 1923 943 2001 pentes
965 1924 993 1982 et
1015 1919 1083 1982 uiri
1105 1918 1192 1981 Indu
1215 1923 1244 1983 et
1264 1920 1320 1999 qui

160 2051 181 2089 15
193 2019 332 2084 derelicti
355 2023 489 2084 suntin
511 2022 633 2103 lsrael,
667 2027 696 2086 et
717 2023 781 2085 eris
803 2027 838 2085 tu
860 2026 889 2084 ct
908 2021 972 2104 (itii
995 2022 1043 2086 tui
1065 2021 1163 2084 ornici
1184 2022 1267 2102 repis
1289 2026 1317 2086 et

193 2128 225 2190 tu
247 2128 275 2188 et
296 2123 360 2206 dlii
383 2126 431 2188 tui
451 2125 641 2208 ploriomini
662 2130 792 2209 orpcnto
816 2131 938 2190 eterno
954 2131 983 2190 et
997 2126 1181 2190 muneribus
1196 2124 1316 2191 uiuitis.

193 2227 355 2307 respondit
384 2227 566 2291 Motctdics
594 2233 622 2291 et
651 2229 736 2293 dixit
761 2248 834 2292 uoce
863 2249 996 2310 mopno:
1029 2229 1058 2290 si
1081 2247 1186 2291 ornnes
1210 2233 1315 2308 pentes

193 2350 270 2409 quoe
292 2330 330 2393 in
352 2329 442 2394 domo
465 2332 547 2414 repis
570 2332 708 2395 audiunt
730 2351 810 2410 curn,
833 2336 869 2395 ut
890 2331 1031 2395 discedot
1047 2331 1264 2410 unusquisque
1279 2329 1319 2393 ot

193 2431 293 2513 officio
315 2437 447 2514 potrum
468 2454 610 2515 suornrn,
641 2438 670 2497 et
691 2433 849 2517 cleperunt
871 2428 908 2497 in
931 2435 1087 2498 mundato
1111 2435 1187 2517 cius,
1214 2437 1242 2496 et
1265 2453 1318 2515 epo

160 2541 219 2600 net
238 2536 304 2618 piu
326 2538 388 2600 rnei
409 2538 526 2602 ibimus
547 2538 585 2601 in
606 2542 827 2601 testamentum
844 2542 979 2618 potrurn
1002 2542 1192 2600 nostrorum.
1216 2537 1317 2600 dorni-

193 2660 252 2705 nus
268 2640 433 2720 propitius
454 2642 544 2705 nobis
566 2642 625 2721 sit,
660 2661 727 2704 non
748 2641 998 2720 derelinquemus
1021 2639 1115 2722 tepern
1141 2643 1171 2704 et
1199 2639 1328 2721 iustifi-¹

193 2744 341 2809 cotiones.
364 2743 495 2808 uerdurn
517 2746 601 2827 repis
624 2765 687 2808 non
710 2745 884 2827 audiemus,
907 2764 974 2806 non
996 2743 1226 2807 declinabimus
1244 2743 1317 2824 οἶβ-

193 2846 274 2909 cicun
304 2847 528 2911 deseruitionis
558 2852 683 2912 nostroe
713 2848 826 2911 dentro
853 2846 903 2911 uei
934 2846 1078 2910 sinistro.
1117 2849 1153 2908 ut
1181 2846 1316 2909 cessauit

194 2948 277 3030 toqui
300 2968 457 3013 sermones
480 2952 571 3024 istos,
603 2951 734 3013 occessit
753 2951 807 3013 uir
829 2949 971 3013 Iudaeus
994 2948 1032 3012 in
1054 2948 1154 3013 ocutis
1176 2947 1317 3011 omniurn

156 3053 372 3134 usocrificore
397 3054 435 3116 in
457 3054 590 3118 Modiin
619 3055 789 3118 secundun
813 3057 1019 3134 praeceptum
1047 3054 1139 3135 repis.
1178 3057 1208 3115 et
1232 3052 1317 3116 uidit

194 3155 374 3220 Mototicics
389 3161 416 3220 et
431 3157 551 3221 retatus
565 3161 618 3236 est,
641 3161 670 3220 et
685 3162 936 3221 contremuerunt
959 3176 1048 3222 rencs
1070 3158 1138 3221 eins
1164 3160 1193 3220 ct
1210 3153 1319 3218 attulit

192 3257 275 3322 irour
303 3259 477 3323 secundum
506 3260 672 3323 iudicium.
715 3265 742 3324 et
766 3260 940 3325 adcurrens
962 3261 1005 3324 od
1032 3279 1125 3323 orum
1154 3257 1313 3338 interfecit

193 3381 268 3429 curn.
292 3367 320 3427 et
342 3364 451 3427 uirurn
473 3365 558 3446 repis
580 3365 634 3444 qui
657 3364 783 3446 copebot
803 3363 968 3428 irnrnotorc
983 3363 1149 3429 occiditin
1164 3359 1220 3424 iilo
1236 3363 1311 3422 tern-

188 3486 273 3545 pore,
298 3471 327 3529 et
349 3487 440 3531 oron
462 3466 627 3532 destruxit.
658 3471 686 3529 et
708 3466 887 3530 conuictus
903 3471 953 3530 est
974 3467 1012 3530 in
1034 3466 1105 3548 iope,
1135 3465 1218 3527 sicut
1238 3462 1312 3544 fecit
1417 3503 1418 3506 κ

156 3567 307 3634 natones
337 3569 495 3633 Iombrim
523 3568 590 3650 iiio
620 3567 739 3634 Solem.
776 3573 804 3632 ct
834 3568 1027 3632 enciornouit
1057 3565 1241 3631 Mutctdios
1275 3566 1310 3628 in

293 3771 442 3826 31Mach.
462 3773 488 3836 2,
508 3773 608 3826 11-28

188 4010 190 4013 .
241 3961 455 4014 lcontrieionem
525 3960 615 4013 sedere
633 3962 700 4026 fort.
770 3960 981 4014 2sanctificatio
999 3960 1049 4012 ¹m'tt
1069 3962 1150 4027 (corr.
1169 3949 1208 4012 nr.¹
1221 3962 1248 4027 1)

192 4044 368 4114 ispetiositas
455 4047 470 4098 6
489 4052 516 4099 et
536 4046 712 4099 lamonitas
799 4046 829 4099 11
849 4047 923 4099 missi
940 4045 1046 4098 fucrant
1065 4045 1130 4098 odd.
1149 4062 1182 4098 ni.
1202 4046 1250 4099 uit.

192 4131 316 4184 matthiae
359 4131 413 4184 -16
426 4131 603 4199 gloriabimini
616 4133 686 4186 coni.
701 4132 791 4184 Titius
804 4137 830 4184 et
846 4131 1016 4185 Gutta-rudius
1081 4130 1112 4182 17
1123 4130 1250 4184 matthias
1302 4136 1305 4141 ’

191 4229 250 4271 uoce
268 4233 366 4285 magna
384 4221 411 4269 st
429 4217 527 4270 dixitn
604 4218 636 4270 18
655 4233 703 4285 que
772 4216 916 4270 descendat
934 4223 1000 4271 uni
1078 4216 1109 4268 21
1129 4241 1169 4269 *i*
1186 4218 1263 4270 nobis
1282 4219 1317 4271 sit

192 4303 234 4367 (sit
250 4305 334 4369 erus.)
406 4303 438 4354 26
456 4302 583 4356 matthias
652 4302 686 4355 30
704 4301 861 4356 matthatias
