<?xml version="1.0" encoding="UTF-8"?>
<!DOCTYPE html PUBLIC "-//W3C//DTD XHTML 1.0 Transitional//EN"
    "http://www.w3.org/TR/xhtml1/DTD/xhtml1-transitional.dtd">
<html xmlns="http://www.w3.org/1999/xhtml" xml:lang="en" lang="en">
 <head>
  <title>
</title>
<meta http-equiv="Content-Type" content="text/html;charset=utf-8" />
  <meta name='ocr-system' content='tesseract 3.04.00' />
  <meta name='ocr-capabilities' content='ocr_page ocr_carea ocr_par ocr_line ocrx_word'/>
</head>
<body>
  <div class='ocr_page' id='page_1' title='image "./lucifericalarit00lucigoog_0305.png"; bbox 0 0 2850 4754; ppageno 0'>
   <div class='ocr_carea' id='block_1_1' title="bbox 167 354 806 424">
    <p class='ocr_par' dir='ltr' id='par_1_1' title="bbox 167 354 806 424">
     <span class='ocr_line' id='line_1_1' title="bbox 167 354 806 424; baseline -0.022 -1"><span class='ocrx_word' id='word_1_1' title='bbox 167 358 230 424; x_wconf 77' lang='grc'><strong>252</strong></span> <span class='ocrx_word' id='word_1_2' title='bbox 657 354 806 409; x_wconf 72' lang='lat' dir='ltr'><strong>luciferi</strong></span> 
     </span>
    </p>
   </div>
   <div class='ocr_carea' id='block_1_2' title="bbox 52 543 1403 3709">
    <p class='ocr_par' dir='ltr' id='par_1_2' title="bbox 166 543 1295 713">
     <span class='ocr_line' id='line_1_2' title="bbox 166 543 1295 627; baseline -0.002 -17"><span class='ocrx_word' id='word_1_3' title='bbox 166 566 232 610; x_wconf 91' lang='grc' dir='ltr'><strong>ωοω</strong></span> <span class='ocrx_word' id='word_1_4' title='bbox 254 546 430 623; x_wconf 78' lang='lat' dir='ltr'><strong>cessabunt,</strong></span> <span class='ocrx_word' id='word_1_5' title='bbox 463 545 604 611; x_wconf 76' lang='lat' dir='ltr'><em>docentes</em></span> <span class='ocrx_word' id='word_1_6' title='bbox 632 549 660 609; x_wconf 92' lang='lat' dir='ltr'><strong>et</strong></span> <span class='ocrx_word' id='word_1_7' title='bbox 681 543 933 627; x_wconf 77' lang='lat' dir='ltr'><strong>euanpetinantes</strong></span> <span class='ocrx_word' id='word_1_8' title='bbox 960 543 1126 608; x_wconf 89' lang='lat' dir='ltr'><strong>dominum</strong></span> <span class='ocrx_word' id='word_1_9' title='bbox 1144 548 1295 608; x_wconf 21' lang='lat' dir='ltr'><strong>&#39;mserum</strong></span> 
     </span>
     <span class='ocr_line' id='line_1_3' title="bbox 166 647 467 713; baseline 0.003 -1"><span class='ocrx_word' id='word_1_10' title='bbox 166 647 273 713; x_wconf 86' lang='lat' dir='ltr'><strong>Iesum</strong></span> <span class='ocrx_word' id='word_1_11' title='bbox 296 647 467 713; x_wconf 79' lang='lat' dir='ltr'><strong>Christum.</strong></span> 
     </span>
    </p>

    <p class='ocr_par' dir='ltr' id='par_1_3' title="bbox 166 748 1332 1139">
     <span class='ocr_line' id='line_1_4' title="bbox 208 748 1292 832; baseline 0 -19"><span class='ocrx_word' id='word_1_12' title='bbox 208 749 276 814; x_wconf 73' lang='lat' dir='ltr'><strong>XX</strong></span> <span class='ocrx_word' id='word_1_13' title='bbox 303 749 381 815; x_wconf 84' lang='lat' dir='ltr'><strong>Cum</strong></span> <span class='ocrx_word' id='word_1_14' title='bbox 404 750 482 815; x_wconf 88' lang='lat' dir='ltr'><strong>haec</strong></span> <span class='ocrx_word' id='word_1_15' title='bbox 504 750 621 815; x_wconf 82' lang='lat' dir='ltr'><strong>referat</strong></span> <span class='ocrx_word' id='word_1_16' title='bbox 644 749 802 832; x_wconf 90' lang='lat' dir='ltr'><strong>apostolos</strong></span> <span class='ocrx_word' id='word_1_17' title='bbox 824 749 935 814; x_wconf 88' lang='lat' dir='ltr'><strong>beatos</strong></span> <span class='ocrx_word' id='word_1_18' title='bbox 961 748 1064 832; x_wconf 81' lang='lat' dir='ltr'>egisse</span> <span class='ocrx_word' id='word_1_19' title='bbox 1081 767 1172 814; x_wconf 86' lang='lat' dir='ltr'><strong>sacra</strong></span> <span class='ocrx_word' id='word_1_20' title='bbox 1187 749 1292 831; x_wconf 89' lang='lat' dir='ltr'><strong>scrip·</strong></span> 
     </span>
     <span class='ocr_line' id='line_1_5' title="bbox 166 850 1295 933; baseline 0 -19"><span class='ocrx_word' id='word_1_21' title='bbox 166 851 254 930; x_wconf 83' lang='lat' dir='ltr'><strong>trra,</strong></span> <span class='ocrx_word' id='word_1_22' title='bbox 283 853 316 915; x_wconf 90' lang='lat' dir='ltr'><strong>te</strong></span> <span class='ocrx_word' id='word_1_23' title='bbox 341 852 382 916; x_wconf 89' lang='lat' dir='ltr'><strong>ad</strong></span> <span class='ocrx_word' id='word_1_24' title='bbox 403 852 583 933; x_wconf 89' lang='lat' dir='ltr'><strong>negandum</strong></span> <span class='ocrx_word' id='word_1_25' title='bbox 608 852 658 916; x_wconf 89' lang='lat' dir='ltr'><strong>dei</strong></span> <span class='ocrx_word' id='word_1_26' title='bbox 680 851 781 915; x_wconf 91' lang='lat' dir='ltr'><strong>filium</strong></span> <span class='ocrx_word' id='word_1_27' title='bbox 805 851 943 915; x_wconf 93' lang='lat' dir='ltr'><strong>omnium</strong></span> <span class='ocrx_word' id='word_1_28' title='bbox 964 851 1118 916; x_wconf 90' lang='lat' dir='ltr'><strong>inuitante</strong></span> <span class='ocrx_word' id='word_1_29' title='bbox 1140 850 1238 916; x_wconf 84' lang='lat' dir='ltr'><strong>cerda</strong></span> <span class='ocrx_word' id='word_1_30' title='bbox 1262 851 1295 916; x_wconf 89' lang='lat' dir='ltr'><strong>et</strong></span> 
     </span>
     <span class='ocr_line' id='line_1_6' title="bbox 166 953 1332 1036; baseline -0.002 -18"><span class='ocrx_word' id='word_1_31' title='bbox 166 954 331 1018; x_wconf 80' lang='lat' dir='ltr'><strong>haeresem</strong></span> <span class='ocrx_word' id='word_1_32' title='bbox 353 956 441 1018; x_wconf 90' lang='lat' dir='ltr'><strong>tuam</strong></span> <span class='ocrx_word' id='word_1_33' title='bbox 464 953 591 1018; x_wconf 90' lang='lat' dir='ltr'><strong>firmare</strong></span> <span class='ocrx_word' id='word_1_34' title='bbox 610 955 688 1019; x_wconf 90' lang='lat' dir='ltr'><strong>satis</strong></span> <span class='ocrx_word' id='word_1_35' title='bbox 704 955 816 1036; x_wconf 88' lang='lat' dir='ltr'><strong>agente</strong></span> <span class='ocrx_word' id='word_1_36' title='bbox 832 954 921 1017; x_wconf 91' lang='lat' dir='ltr'><strong>nohis</strong></span> <span class='ocrx_word' id='word_1_37' title='bbox 938 953 998 1018; x_wconf 89' lang='lat' dir='ltr'><strong>erit</strong></span> <span class='ocrx_word' id='word_1_38' title='bbox 1011 954 1183 1019; x_wconf 84' lang='lat' dir='ltr'><strong>tacendum</strong></span> <span class='ocrx_word' id='word_1_39' title='bbox 1196 972 1294 1036; x_wconf 90' lang='lat' dir='ltr'><strong>prae-</strong></span> <span class='ocrx_word' id='word_1_40' title='bbox 1319 977 1332 1016; x_wconf 82' lang='lat' dir='ltr'><strong>e</strong></span> 
     </span>
     <span class='ocr_line' id='line_1_7' title="bbox 166 1055 1294 1139; baseline 0 -19"><span class='ocrx_word' id='word_1_41' title='bbox 166 1056 278 1139; x_wconf 89' lang='lat' dir='ltr'><strong>positis</strong></span> <span class='ocrx_word' id='word_1_42' title='bbox 309 1056 359 1120; x_wconf 92' lang='lat' dir='ltr'><strong>dei</strong></span> <span class='ocrx_word' id='word_1_43' title='bbox 387 1056 609 1135; x_wconf 82' lang='lat' dir='ltr'><strong>ecclesiarum,</strong></span> <span class='ocrx_word' id='word_1_44' title='bbox 640 1076 679 1120; x_wconf 91' lang='lat' dir='ltr'><strong>ne</strong></span> <span class='ocrx_word' id='word_1_45' title='bbox 709 1055 861 1120; x_wconf 89' lang='lat' dir='ltr'><strong>uidelicet</strong></span> <span class='ocrx_word' id='word_1_46' title='bbox 887 1055 946 1120; x_wconf 88' lang='lat' dir='ltr'><strong>tibi</strong></span> <span class='ocrx_word' id='word_1_47' title='bbox 967 1055 1161 1138; x_wconf 81' lang='lat' dir='ltr'><strong>blasphemo,</strong></span> <span class='ocrx_word' id='word_1_48' title='bbox 1187 1056 1294 1120; x_wconf 92' lang='lat' dir='ltr'><strong>homi-</strong></span> 
     </span>
    </p>

    <p class='ocr_par' dir='ltr' id='par_1_4' title="bbox 57 1158 1331 2063">
     <span class='ocr_line' id='line_1_8' title="bbox 57 1158 1293 1241; baseline 0 -19"><span class='ocrx_word' id='word_1_49' title='bbox 57 1215 60 1222; x_wconf 90' lang='lat'><em>.</em></span> <span class='ocrx_word' id='word_1_50' title='bbox 114 1172 116 1176; x_wconf 83' lang='grc'><strong>’</strong></span> <span class='ocrx_word' id='word_1_51' title='bbox 167 1158 274 1237; x_wconf 81' lang='lat' dir='ltr'><strong>uidae,</strong></span> <span class='ocrx_word' id='word_1_52' title='bbox 307 1158 494 1223; x_wconf 72' lang='lat' dir='ltr'><strong>destructori</strong></span> <span class='ocrx_word' id='word_1_53' title='bbox 519 1159 570 1223; x_wconf 90' lang='lat' dir='ltr'><strong>dei</strong></span> <span class='ocrx_word' id='word_1_54' title='bbox 591 1159 752 1241; x_wconf 84' lang='lat' dir='ltr'><strong>religionis</strong></span> <span class='ocrx_word' id='word_1_55' title='bbox 774 1159 971 1223; x_wconf 90' lang='lat' dir='ltr'><strong>inueniamur</strong></span> <span class='ocrx_word' id='word_1_56' title='bbox 993 1159 1213 1224; x_wconf 80' lang='lat' dir='ltr'><strong>contumeliosi</strong></span> <span class='ocrx_word' id='word_1_57' title='bbox 1237 1176 1293 1223; x_wconf 86' lang='lat' dir='ltr'><strong>er-</strong></span> 
     </span>
     <span class='ocr_line' id='line_1_9' title="bbox 168 1261 1293 1344; baseline -0.001 -17"><span class='ocrx_word' id='word_1_58' title='bbox 168 1262 311 1327; x_wconf 76' lang='lat' dir='ltr'><strong>stitisse?</strong></span> <span class='ocrx_word' id='word_1_59' title='bbox 345 1261 502 1344; x_wconf 89' lang='lat' dir='ltr'><strong>apostolos</strong></span> <span class='ocrx_word' id='word_1_60' title='bbox 530 1262 669 1344; x_wconf 90' lang='lat' dir='ltr'><strong>loquitur</strong></span> <span class='ocrx_word' id='word_1_61' title='bbox 697 1280 788 1326; x_wconf 89' lang='lat' dir='ltr'><strong>sacra</strong></span> <span class='ocrx_word' id='word_1_62' title='bbox 815 1262 970 1343; x_wconf 89' lang='lat' dir='ltr'><strong>scriptura</strong></span> <span class='ocrx_word' id='word_1_63' title='bbox 999 1280 1056 1327; x_wconf 86' lang='lat' dir='ltr'><strong>nec</strong></span> <span class='ocrx_word' id='word_1_64' title='bbox 1079 1263 1213 1327; x_wconf 86' lang='lat' dir='ltr'><strong>uerbera</strong></span> <span class='ocrx_word' id='word_1_65' title='bbox 1235 1280 1293 1326; x_wconf 90' lang='lat' dir='ltr'><strong>nec</strong></span> 
     </span>
     <span class='ocr_line' id='line_1_10' title="bbox 166 1363 1294 1446; baseline 0.002 -18"><span class='ocrx_word' id='word_1_66' title='bbox 166 1365 268 1429; x_wconf 88' lang='lat' dir='ltr'><strong>minas</strong></span> <span class='ocrx_word' id='word_1_67' title='bbox 291 1363 428 1428; x_wconf 89' lang='lat' dir='ltr'><strong>filiorum</strong></span> <span class='ocrx_word' id='word_1_68' title='bbox 451 1365 647 1446; x_wconf 79' lang='lat' dir='ltr'><strong>pestilentiae</strong></span> <span class='ocrx_word' id='word_1_69' title='bbox 662 1364 816 1442; x_wconf 83' lang='lat' dir='ltr'><strong>timuisse,</strong></span> <span class='ocrx_word' id='word_1_70' title='bbox 840 1365 897 1428; x_wconf 92' lang='lat' dir='ltr'><strong>sed</strong></span> <span class='ocrx_word' id='word_1_71' title='bbox 912 1383 1036 1446; x_wconf 90' lang='lat' dir='ltr'><strong>semper</strong></span> <span class='ocrx_word' id='word_1_72' title='bbox 1052 1363 1213 1439; x_wconf 89' lang='lat' dir='ltr'><strong>docuisee;</strong></span> <span class='ocrx_word' id='word_1_73' title='bbox 1236 1383 1294 1430; x_wconf 90' lang='lat' dir='ltr'><strong>nos</strong></span> 
     </span>
     <span class='ocr_line' id='line_1_11' title="bbox 168 1466 1331 1549; baseline -0.002 -20"><span class='ocrx_word' id='word_1_74' title='bbox 168 1466 281 1530; x_wconf 87' lang='lat' dir='ltr'><strong>caduci</strong></span> <span class='ocrx_word' id='word_1_75' title='bbox 304 1468 394 1548; x_wconf 91' lang='lat' dir='ltr'><strong>regui</strong></span> <span class='ocrx_word' id='word_1_76' title='bbox 418 1468 466 1530; x_wconf 90' lang='lat' dir='ltr'><strong>tui</strong></span> <span class='ocrx_word' id='word_1_77' title='bbox 490 1468 638 1531; x_wconf 79' lang='lat' dir='ltr'><strong>decuerat</strong></span> <span class='ocrx_word' id='word_1_78' title='bbox 659 1466 761 1549; x_wconf 81' lang='lat' dir='ltr'><strong>frangi</strong></span> <span class='ocrx_word' id='word_1_79' title='bbox 783 1468 907 1549; x_wconf 81' lang='lat' dir='ltr'><strong>uigore,</strong></span> <span class='ocrx_word' id='word_1_80' title='bbox 943 1486 1004 1549; x_wconf 91' lang='lat' dir='ltr'><strong>quo</strong></span> <span class='ocrx_word' id='word_1_81' title='bbox 1030 1468 1066 1531; x_wconf 93' lang='lat' dir='ltr'><strong>tu</strong></span> <span class='ocrx_word' id='word_1_82' title='bbox 1096 1486 1205 1533; x_wconf 87' lang='lat' dir='ltr'><strong>omnes</strong></span> <span class='ocrx_word' id='word_1_83' title='bbox 1231 1468 1293 1532; x_wconf 91' lang='lat' dir='ltr'><strong>ini-</strong></span> <span class='ocrx_word' id='word_1_84' title='bbox 1307 1488 1331 1528; x_wconf 79' lang='lat' dir='ltr'><strong>ro</strong></span> 
     </span>
     <span class='ocr_line' id='line_1_12' title="bbox 169 1569 1295 1652; baseline 0.004 -21"><span class='ocrx_word' id='word_1_85' title='bbox 169 1587 246 1650; x_wconf 89' lang='lat' dir='ltr'><strong>quos</strong></span> <span class='ocrx_word' id='word_1_86' title='bbox 269 1586 378 1649; x_wconf 89' lang='lat' dir='ltr'><strong>posses</strong></span> <span class='ocrx_word' id='word_1_87' title='bbox 400 1569 472 1634; x_wconf 93' lang='lat' dir='ltr'><strong>tuos</strong></span> <span class='ocrx_word' id='word_1_88' title='bbox 493 1570 623 1652; x_wconf 88' lang='lat' dir='ltr'><strong>implere</strong></span> <span class='ocrx_word' id='word_1_89' title='bbox 646 1571 798 1635; x_wconf 82' lang='lat' dir='ltr'><strong>cenatus?</strong></span> <span class='ocrx_word' id='word_1_90' title='bbox 821 1571 1024 1636; x_wconf 89' lang='lat' dir='ltr'><strong>contumaces</strong></span> <span class='ocrx_word' id='word_1_91' title='bbox 1048 1572 1253 1636; x_wconf 89' lang='lat' dir='ltr'><strong>aestimamur</strong></span> <span class='ocrx_word' id='word_1_92' title='bbox 1276 1590 1295 1635; x_wconf 92' lang='lat' dir='ltr'><strong>a</strong></span> 
     </span>
     <span class='ocr_line' id='line_1_13' title="bbox 168 1671 1294 1755; baseline 0.004 -21"><span class='ocrx_word' id='word_1_93' title='bbox 168 1671 217 1750; x_wconf 82' lang='lat' dir='ltr'><strong>te,</strong></span> <span class='ocrx_word' id='word_1_94' title='bbox 249 1672 322 1753; x_wconf 89' lang='lat' dir='ltr'><strong>quia</strong></span> <span class='ocrx_word' id='word_1_95' title='bbox 344 1691 421 1737; x_wconf 88' lang='lat' dir='ltr'><strong>uera</strong></span> <span class='ocrx_word' id='word_1_96' title='bbox 441 1673 500 1738; x_wconf 88' lang='lat' dir='ltr'><strong>tibi</strong></span> <span class='ocrx_word' id='word_1_97' title='bbox 524 1674 667 1737; x_wconf 90' lang='lat' dir='ltr'><strong>dicantur</strong></span> <span class='ocrx_word' id='word_1_98' title='bbox 690 1693 709 1737; x_wconf 89' lang='lat' dir='ltr'><strong>a</strong></span> <span class='ocrx_word' id='word_1_99' title='bbox 731 1674 829 1738; x_wconf 88' lang='lat' dir='ltr'><strong>nobis.</strong></span> <span class='ocrx_word' id='word_1_100' title='bbox 855 1674 899 1739; x_wconf 91' lang='lat' dir='ltr'><strong>sic</strong></span> <span class='ocrx_word' id='word_1_101' title='bbox 923 1673 955 1737; x_wconf 93' lang='lat' dir='ltr'><strong>et</strong></span> <span class='ocrx_word' id='word_1_102' title='bbox 978 1673 1227 1755; x_wconf 82' lang='lat' dir='ltr'><strong>comblasphemi</strong></span> <span class='ocrx_word' id='word_1_103' title='bbox 1247 1673 1294 1738; x_wconf 89' lang='lat' dir='ltr'><strong>tui</strong></span> 
     </span>
     <span class='ocr_line' id='line_1_14' title="bbox 169 1774 1296 1857; baseline 0 -19"><span class='ocrx_word' id='word_1_104' title='bbox 169 1774 363 1856; x_wconf 84' lang='lat' dir='ltr'><strong>Stephanum</strong></span> <span class='ocrx_word' id='word_1_105' title='bbox 385 1775 603 1841; x_wconf 87' lang='lat' dir='ltr'><strong>beatissimum</strong></span> <span class='ocrx_word' id='word_1_106' title='bbox 624 1775 855 1853; x_wconf 83' lang='lat' dir='ltr'><strong>iudicauerunt,</strong></span> <span class='ocrx_word' id='word_1_107' title='bbox 879 1775 953 1857; x_wconf 91' lang='lat' dir='ltr'><strong>quia</strong></span> <span class='ocrx_word' id='word_1_108' title='bbox 976 1775 1021 1840; x_wconf 89' lang='lat' dir='ltr'><strong>eis</strong></span> <span class='ocrx_word' id='word_1_109' title='bbox 1045 1774 1181 1838; x_wconf 89' lang='lat' dir='ltr'><strong>diceret:</strong></span> <span class='ocrx_word' id='word_1_110' title='bbox 1210 1775 1296 1840; x_wconf 80' lang='lat' dir='ltr'><strong>dana</strong></span> 
     </span>
     <span class='ocr_line' id='line_1_15' title="bbox 169 1878 1294 1960; baseline 0 -18"><span class='ocrx_word' id='word_1_111' title='bbox 169 1880 290 1943; x_wconf 87' lang='lat' dir='ltr'><strong>ceruice</strong></span> <span class='ocrx_word' id='word_1_112' title='bbox 314 1885 342 1943; x_wconf 91' lang='lat' dir='ltr'><strong>et</strong></span> <span class='ocrx_word' id='word_1_113' title='bbox 364 1899 429 1944; x_wconf 98' lang='grc' dir='ltr'><strong>ηοω</strong></span> <span class='ocrx_word' id='word_1_114' title='bbox 452 1879 632 1944; x_wconf 77' lang='lat' dir='ltr'><strong>circumcisi</strong></span> <span class='ocrx_word' id='word_1_115' title='bbox 654 1879 744 1943; x_wconf 88' lang='lat' dir='ltr'><strong>eorde</strong></span> <span class='ocrx_word' id='word_1_116' title='bbox 766 1883 794 1942; x_wconf 92' lang='lat' dir='ltr'><strong>et</strong></span> <span class='ocrx_word' id='word_1_117' title='bbox 816 1878 965 1956; x_wconf 83' lang='lat' dir='ltr'><strong>carthus,</strong></span> <span class='ocrx_word' id='word_1_118' title='bbox 997 1897 1053 1942; x_wconf 86' lang='lat' dir='ltr'><strong>uos</strong></span> <span class='ocrx_word' id='word_1_119' title='bbox 1083 1897 1204 1960; x_wconf 81' lang='lat' dir='ltr'><strong>semper</strong></span> <span class='ocrx_word' id='word_1_120' title='bbox 1226 1879 1294 1960; x_wconf 83' lang='lat' dir='ltr'><strong>spi·</strong></span> 
     </span>
     <span class='ocr_line' id='line_1_16' title="bbox 167 1981 1329 2063; baseline -0.005 -19"><span class='ocrx_word' id='word_1_121' title='bbox 167 1982 250 2046; x_wconf 86' lang='lat' dir='ltr'><strong>ritui</strong></span> <span class='ocrx_word' id='word_1_122' title='bbox 273 1987 381 2048; x_wconf 90' lang='lat' dir='ltr'><strong>sancta</strong></span> <span class='ocrx_word' id='word_1_123' title='bbox 405 1982 577 2060; x_wconf 85' lang='lat' dir='ltr'><strong>restitistis,</strong></span> <span class='ocrx_word' id='word_1_124' title='bbox 600 1982 681 2045; x_wconf 89' lang='lat' dir='ltr'><strong>sicut</strong></span> <span class='ocrx_word' id='word_1_125' title='bbox 697 1984 809 2063; x_wconf 83' lang='lat' dir='ltr'><strong>putres</strong></span> <span class='ocrx_word' id='word_1_126' title='bbox 831 1981 940 2063; x_wconf 87' lang='lat' dir='ltr'><strong>uestri,</strong></span> <span class='ocrx_word' id='word_1_127' title='bbox 964 1984 993 2043; x_wconf 90' lang='lat' dir='ltr'><strong>et</strong></span> <span class='ocrx_word' id='word_1_128' title='bbox 1016 1998 1081 2045; x_wconf 90' lang='lat' dir='ltr'><strong>uos.</strong></span> <span class='ocrx_word' id='word_1_129' title='bbox 1104 1997 1200 2062; x_wconf 82' lang='lat' dir='ltr'><strong>quem·</strong></span> <span class='ocrx_word' id='word_1_130' title='bbox 1212 1999 1329 2063; x_wconf 68' lang='lat' dir='ltr'><strong>pro-,u</strong></span> 
     </span>
    </p>

    <p class='ocr_par' dir='ltr' id='par_1_5' title="bbox 74 2079 1295 2268">
     <span class='ocr_line' id='line_1_17' title="bbox 74 2079 1295 2166; baseline -0.001 -18"><span class='ocrx_word' id='word_1_131' title='bbox 74 2079 75 2083; x_wconf 65' lang='grc'>’</span> <span class='ocrx_word' id='word_1_132' title='bbox 161 2085 337 2166; x_wconf 84' lang='lat' dir='ltr'><strong>phetarnm</strong></span> <span class='ocrx_word' id='word_1_133' title='bbox 360 2106 425 2149; x_wconf 93' lang='grc' dir='ltr'><strong>ηοω</strong></span> <span class='ocrx_word' id='word_1_134' title='bbox 446 2089 522 2148; x_wconf 86' lang='lat' dir='ltr'><strong>snut</strong></span> <span class='ocrx_word' id='word_1_135' title='bbox 537 2084 698 2166; x_wconf 83' lang='lat' dir='ltr'><strong>persecuti</strong></span> <span class='ocrx_word' id='word_1_136' title='bbox 714 2088 825 2164; x_wconf 84' lang='lat' dir='ltr'><strong>patres</strong></span> <span class='ocrx_word' id='word_1_137' title='bbox 847 2083 969 2148; x_wconf 81' lang='lat' dir='ltr'><strong>nestri?</strong></span> <span class='ocrx_word' id='word_1_138' title='bbox 992 2083 1226 2148; x_wconf 85' lang='lat' dir='ltr'><strong>etoccidcrunt</strong></span> <span class='ocrx_word' id='word_1_139' title='bbox 1246 2102 1295 2149; x_wconf 90' lang='lat' dir='ltr'><strong>eos</strong></span> 
     </span>
     <span class='ocr_line' id='line_1_18' title="bbox 167 2186 1295 2268; baseline -0.001 -17"><span class='ocrx_word' id='word_1_140' title='bbox 167 2188 223 2268; x_wconf 75' lang='lat' dir='ltr'><strong>qni</strong></span> <span class='ocrx_word' id='word_1_141' title='bbox 245 2188 484 2253; x_wconf 79' lang='lat' dir='ltr'><strong>adnuntiabunt</strong></span> <span class='ocrx_word' id='word_1_142' title='bbox 505 2187 542 2250; x_wconf 89' lang='lat' dir='ltr'><strong>de</strong></span> <span class='ocrx_word' id='word_1_143' title='bbox 558 2187 700 2251; x_wconf 86' lang='lat' dir='ltr'><strong>aduentu</strong></span> <span class='ocrx_word' id='word_1_144' title='bbox 722 2186 809 2265; x_wconf 88' lang='lat' dir='ltr'><strong>iusti,</strong></span> <span class='ocrx_word' id='word_1_145' title='bbox 834 2187 924 2250; x_wconf 88' lang='lat' dir='ltr'><strong>cuins</strong></span> <span class='ocrx_word' id='word_1_146' title='bbox 940 2204 1028 2249; x_wconf 91' lang='lat' dir='ltr'><strong>nune</strong></span> <span class='ocrx_word' id='word_1_147' title='bbox 1043 2204 1099 2250; x_wconf 88' lang='lat' dir='ltr'><strong>uas</strong></span> <span class='ocrx_word' id='word_1_148' title='bbox 1115 2186 1295 2266; x_wconf 83' lang='lat' dir='ltr'><strong>proditores</strong></span> 
     </span>
    </p>

    <p class='ocr_par' dir='ltr' id='par_1_6' title="bbox 99 2288 1403 2783">
     <span class='ocr_line' id='line_1_19' title="bbox 99 2288 1295 2373; baseline -0.002 -19"><span class='ocrx_word' id='word_1_149' title='bbox 99 2314 104 2324; x_wconf 72' lang='grc'><strong><em>’</em></strong></span> <span class='ocrx_word' id='word_1_150' title='bbox 169 2292 201 2354; x_wconf 88' lang='lat' dir='ltr'><strong>et</strong></span> <span class='ocrx_word' id='word_1_151' title='bbox 222 2290 435 2373; x_wconf 77' lang='lat' dir='ltr'><strong>interfectores</strong></span> <span class='ocrx_word' id='word_1_152' title='bbox 456 2288 578 2370; x_wconf 72' lang='lat' dir='ltr'><strong>fuistis,</strong></span> <span class='ocrx_word' id='word_1_153' title='bbox 608 2289 664 2370; x_wconf 68' lang='grc' dir='ltr'><strong>ωηο</strong></span> <span class='ocrx_word' id='word_1_154' title='bbox 686 2289 851 2371; x_wconf 84' lang='lat' dir='ltr'><strong>accepistis</strong></span> <span class='ocrx_word' id='word_1_155' title='bbox 880 2288 974 2371; x_wconf 73' lang='lat' dir='ltr'><strong>legem</strong></span> <span class='ocrx_word' id='word_1_156' title='bbox 1001 2288 1295 2353; x_wconf 88' lang='lat' dir='ltr'><strong>inordinationem</strong></span> 
     </span>
     <span class='ocr_line' id='line_1_20' title="bbox 169 2391 1403 2478; baseline -0.001 -21"><span class='ocrx_word' id='word_1_157' title='bbox 169 2393 354 2478; x_wconf 77' lang='lat' dir='ltr'><strong>carpetanum</strong></span> <span class='ocrx_word' id='word_1_158' title='bbox 369 2399 398 2458; x_wconf 92' lang='lat' dir='ltr'><strong>et</strong></span> <span class='ocrx_word' id='word_1_159' title='bbox 413 2412 476 2457; x_wconf 91' lang='lat' dir='ltr'><strong>non</strong></span> <span class='ocrx_word' id='word_1_160' title='bbox 492 2392 680 2458; x_wconf 72' lang='lat' dir='ltr'><strong>comedistis.</strong></span> <span class='ocrx_word' id='word_1_161' title='bbox 704 2393 782 2456; x_wconf 92' lang='lat' dir='ltr'><strong>haec</strong></span> <span class='ocrx_word' id='word_1_162' title='bbox 799 2411 871 2456; x_wconf 91' lang='lat' dir='ltr'><strong>eum</strong></span> <span class='ocrx_word' id='word_1_163' title='bbox 889 2392 1050 2456; x_wconf 88' lang='lat' dir='ltr'><strong>audissent</strong></span> <span class='ocrx_word' id='word_1_164' title='bbox 1061 2391 1183 2470; x_wconf 88' lang='lat' dir='ltr'><strong>Iudaei,</strong></span> <span class='ocrx_word' id='word_1_165' title='bbox 1201 2392 1294 2474; x_wconf 86' lang='lat' dir='ltr'><strong>digne</strong></span> <span class='ocrx_word' id='word_1_166' title='bbox 1402 2436 1403 2440; x_wconf 49' lang='lat'><em>=</em></span> 
     </span>
     <span class='ocr_line' id='line_1_21' title="bbox 169 2493 1330 2578; baseline 0.003 -19"><span class='ocrx_word' id='word_1_167' title='bbox 169 2496 241 2559; x_wconf 89' lang='lat' dir='ltr'><strong>sunt</strong></span> <span class='ocrx_word' id='word_1_168' title='bbox 268 2495 417 2560; x_wconf 91' lang='lat' dir='ltr'><strong>commoti</strong></span> <span class='ocrx_word' id='word_1_169' title='bbox 447 2495 556 2559; x_wconf 90' lang='lat' dir='ltr'><strong>eontra</strong></span> <span class='ocrx_word' id='word_1_170' title='bbox 584 2494 818 2559; x_wconf 88' lang='lat' dir='ltr'><strong>sanctissimum</strong></span> <span class='ocrx_word' id='word_1_171' title='bbox 841 2493 1035 2576; x_wconf 85' lang='lat' dir='ltr'><strong>Stephanum</strong></span> <span class='ocrx_word' id='word_1_172' title='bbox 1061 2495 1234 2578; x_wconf 79' lang='lat' dir='ltr'><strong>martyrem</strong></span> <span class='ocrx_word' id='word_1_173' title='bbox 1257 2515 1330 2562; x_wconf 88' lang='lat' dir='ltr'><strong>aun</strong></span> 
     </span>
     <span class='ocr_line' id='line_1_22' title="bbox 167 2597 1295 2681; baseline 0.001 -19"><span class='ocrx_word' id='word_1_174' title='bbox 167 2598 318 2680; x_wconf 73' lang='lat' dir='ltr'><strong>indigne?</strong></span> <span class='ocrx_word' id='word_1_175' title='bbox 343 2599 369 2663; x_wconf 87' lang='lat' dir='ltr'><strong>si</strong></span> <span class='ocrx_word' id='word_1_176' title='bbox 391 2597 662 2681; x_wconf 75' lang='lat' dir='ltr'><strong>indignantique</strong></span> <span class='ocrx_word' id='word_1_177' title='bbox 679 2599 711 2663; x_wconf 91' lang='lat' dir='ltr'><strong>et</strong></span> <span class='ocrx_word' id='word_1_178' title='bbox 724 2599 757 2662; x_wconf 91' lang='lat' dir='ltr'><strong>te</strong></span> <span class='ocrx_word' id='word_1_179' title='bbox 772 2597 900 2681; x_wconf 90' lang='lat' dir='ltr'><strong>indigne</strong></span> <span class='ocrx_word' id='word_1_180' title='bbox 915 2598 1034 2680; x_wconf 87' lang='lat' dir='ltr'><strong>inspice</strong></span> <span class='ocrx_word' id='word_1_181' title='bbox 1050 2599 1170 2663; x_wconf 90' lang='lat' dir='ltr'><strong>moueri</strong></span> <span class='ocrx_word' id='word_1_182' title='bbox 1185 2600 1295 2664; x_wconf 89' lang='lat' dir='ltr'><strong>contra</strong></span> 
     </span>
     <span class='ocr_line' id='line_1_23' title="bbox 170 2701 1295 2783; baseline 0.002 -19"><span class='ocrx_word' id='word_1_183' title='bbox 170 2701 299 2783; x_wconf 82' lang='lat' dir='ltr'><strong>eosqui</strong></span> <span class='ocrx_word' id='word_1_184' title='bbox 320 2702 353 2765; x_wconf 91' lang='lat' dir='ltr'><strong>te</strong></span> <span class='ocrx_word' id='word_1_185' title='bbox 376 2701 499 2765; x_wconf 91' lang='lat' dir='ltr'><strong>saluum</strong></span> <span class='ocrx_word' id='word_1_186' title='bbox 522 2701 629 2765; x_wconf 92' lang='lat' dir='ltr'><strong>uelint.</strong></span> <span class='ocrx_word' id='word_1_187' title='bbox 656 2701 786 2765; x_wconf 91' lang='lat' dir='ltr'><strong>aduerte</strong></span> <span class='ocrx_word' id='word_1_188' title='bbox 808 2701 841 2765; x_wconf 92' lang='lat' dir='ltr'><strong>in</strong></span> <span class='ocrx_word' id='word_1_189' title='bbox 864 2720 902 2765; x_wconf 90' lang='lat' dir='ltr'><strong>ea</strong></span> <span class='ocrx_word' id='word_1_190' title='bbox 923 2701 956 2764; x_wconf 92' lang='lat' dir='ltr'><strong>te</strong></span> <span class='ocrx_word' id='word_1_191' title='bbox 978 2702 1068 2783; x_wconf 91' lang='lat' dir='ltr'><strong>parte</strong></span> <span class='ocrx_word' id='word_1_192' title='bbox 1084 2702 1169 2766; x_wconf 90' lang='lat' dir='ltr'><strong>stare</strong></span> <span class='ocrx_word' id='word_1_193' title='bbox 1184 2703 1295 2766; x_wconf 85' lang='lat' dir='ltr'><strong>contra</strong></span> 
     </span>
    </p>

    <p class='ocr_par' dir='ltr' id='par_1_7' title="bbox 52 2792 1299 2985">
     <span class='ocr_line' id='line_1_24' title="bbox 52 2792 1299 2886; baseline 0.002 -19"><span class='ocrx_word' id='word_1_194' title='bbox 52 2854 53 2857; x_wconf 63' lang='lat'>,</span> <span class='ocrx_word' id='word_1_195' title='bbox 137 2792 143 2810; x_wconf 86' lang='grc'><em>’</em></span> <span class='ocrx_word' id='word_1_196' title='bbox 169 2802 221 2868; x_wconf 92' lang='lat' dir='ltr'><strong>dei</strong></span> <span class='ocrx_word' id='word_1_197' title='bbox 244 2803 430 2882; x_wconf 86' lang='lat' dir='ltr'><strong>ecclesiam,</strong></span> <span class='ocrx_word' id='word_1_198' title='bbox 464 2804 495 2867; x_wconf 92' lang='lat' dir='ltr'><strong>in</strong></span> <span class='ocrx_word' id='word_1_199' title='bbox 520 2823 582 2886; x_wconf 92' lang='lat' dir='ltr'><strong>qua</strong></span> <span class='ocrx_word' id='word_1_200' title='bbox 606 2805 638 2867; x_wconf 94' lang='lat' dir='ltr'><strong>et</strong></span> <span class='ocrx_word' id='word_1_201' title='bbox 658 2805 732 2886; x_wconf 86' lang='lat' dir='ltr'><strong>tunc¹</strong></span> <span class='ocrx_word' id='word_1_202' title='bbox 763 2804 908 2868; x_wconf 89' lang='lat' dir='ltr'><strong>steterint</strong></span> <span class='ocrx_word' id='word_1_203' title='bbox 931 2804 963 2868; x_wconf 92' lang='lat' dir='ltr'><strong>et</strong></span> <span class='ocrx_word' id='word_1_204' title='bbox 984 2823 1064 2869; x_wconf 90' lang='lat' dir='ltr'><strong>nunc</strong></span> <span class='ocrx_word' id='word_1_205' title='bbox 1089 2807 1162 2870; x_wconf 91' lang='lat' dir='ltr'><strong>sunt</strong></span> <span class='ocrx_word' id='word_1_206' title='bbox 1183 2806 1299 2870; x_wconf 85' lang='lat' dir='ltr'><strong>ludaei-</strong></span> 
     </span>
     <span class='ocr_line' id='line_1_25' title="bbox 168 2906 1295 2985; baseline 0.004 -15"><span class='ocrx_word' id='word_1_207' title='bbox 168 2906 307 2984; x_wconf 84' lang='lat' dir='ltr'><strong>stautes,</strong></span> <span class='ocrx_word' id='word_1_208' title='bbox 338 2906 382 2970; x_wconf 91' lang='lat' dir='ltr'><strong>sic</strong></span> <span class='ocrx_word' id='word_1_209' title='bbox 405 2907 437 2970; x_wconf 90' lang='lat' dir='ltr'><strong>te</strong></span> <span class='ocrx_word' id='word_1_210' title='bbox 462 2925 531 2971; x_wconf 89' lang='lat' dir='ltr'><strong>esse</strong></span> <span class='ocrx_word' id='word_1_211' title='bbox 555 2907 650 2970; x_wconf 90' lang='lat' dir='ltr'><strong>durae</strong></span> <span class='ocrx_word' id='word_1_212' title='bbox 674 2907 823 2985; x_wconf 87' lang='lat' dir='ltr'><strong>cemicis‚</strong></span> <span class='ocrx_word' id='word_1_213' title='bbox 854 2907 898 2971; x_wconf 94' lang='lat' dir='ltr'><strong>sic</strong></span> <span class='ocrx_word' id='word_1_214' title='bbox 922 2906 1176 2972; x_wconf 91' lang='lat' dir='ltr'><strong>incircumcisum</strong></span> <span class='ocrx_word' id='word_1_215' title='bbox 1199 2909 1295 2974; x_wconf 89' lang='lat' dir='ltr'><strong>corde</strong></span> 
     </span>
    </p>

    <p class='ocr_par' dir='ltr' id='par_1_8' title="bbox 95 3008 1331 3502">
     <span class='ocr_line' id='line_1_26' title="bbox 95 3008 1331 3099; baseline 0.003 -28"><span class='ocrx_word' id='word_1_216' title='bbox 95 3013 99 3022; x_wconf 87' lang='lat'>&#39;</span> <span class='ocrx_word' id='word_1_217' title='bbox 170 3008 202 3072; x_wconf 92' lang='lat' dir='ltr'><strong>et</strong></span> <span class='ocrx_word' id='word_1_218' title='bbox 226 3008 369 3084; x_wconf 90' lang='lat' dir='ltr'><strong>auribus;</strong></span> <span class='ocrx_word' id='word_1_219' title='bbox 392 3009 465 3073; x_wconf 91' lang='lat' dir='ltr'><strong>iude</strong></span> <span class='ocrx_word' id='word_1_220' title='bbox 490 3010 538 3073; x_wconf 88' lang='lat' dir='ltr'><strong>est</strong></span> <span class='ocrx_word' id='word_1_221' title='bbox 560 3009 653 3091; x_wconf 87' lang='lat' dir='ltr'><strong>quod,</strong></span> <span class='ocrx_word' id='word_1_222' title='bbox 678 3009 761 3074; x_wconf 87' lang='lat' dir='ltr'><strong>sicut</strong></span> <span class='ocrx_word' id='word_1_223' title='bbox 782 3009 830 3099; x_wconf 87' lang='lat' dir='ltr'><strong>illi</strong></span> <span class='ocrx_word' id='word_1_224' title='bbox 852 3010 1017 3074; x_wconf 79' lang='lat' dir='ltr'><strong>audientes</strong></span> <span class='ocrx_word' id='word_1_225' title='bbox 1032 3029 1110 3076; x_wconf 92' lang='lat' dir='ltr'><strong>uera</strong></span> <span class='ocrx_word' id='word_1_226' title='bbox 1124 3029 1185 3075; x_wconf 92' lang='lat' dir='ltr'><strong>non</strong></span> <span class='ocrx_word' id='word_1_227' title='bbox 1201 3012 1295 3077; x_wconf 90' lang='lat' dir='ltr'><strong>susti-</strong></span> <span class='ocrx_word' id='word_1_228' title='bbox 1308 3033 1331 3075; x_wconf 81' lang='lat' dir='ltr'><strong>re</strong></span> 
     </span>
     <span class='ocr_line' id='line_1_27' title="bbox 167 3110 1296 3194; baseline 0.004 -20"><span class='ocrx_word' id='word_1_229' title='bbox 167 3111 307 3187; x_wconf 88' lang='lat' dir='ltr'><strong>nueriut‚</strong></span> <span class='ocrx_word' id='word_1_230' title='bbox 340 3110 397 3174; x_wconf 88' lang='lat' dir='ltr'><strong>sed</strong></span> <span class='ocrx_word' id='word_1_231' title='bbox 421 3111 461 3175; x_wconf 91' lang='lat' dir='ltr'><strong>ad</strong></span> <span class='ocrx_word' id='word_1_232' title='bbox 483 3130 593 3176; x_wconf 92' lang='lat' dir='ltr'><strong>necem</strong></span> <span class='ocrx_word' id='word_1_233' title='bbox 617 3112 667 3177; x_wconf 93' lang='lat' dir='ltr'><strong>dei</strong></span> <span class='ocrx_word' id='word_1_234' title='bbox 691 3113 821 3178; x_wconf 88' lang='lat' dir='ltr'><strong>cultoris</strong></span> <span class='ocrx_word' id='word_1_235' title='bbox 843 3113 1049 3194; x_wconf 81' lang='lat' dir='ltr'><strong>prosilierint,</strong></span> <span class='ocrx_word' id='word_1_236' title='bbox 1074 3114 1117 3178; x_wconf 88' lang='lat' dir='ltr'><strong>sis</strong></span> <span class='ocrx_word' id='word_1_237' title='bbox 1141 3115 1238 3179; x_wconf 89' lang='lat' dir='ltr'><strong>etiam</strong></span> <span class='ocrx_word' id='word_1_238' title='bbox 1259 3116 1296 3180; x_wconf 91' lang='lat' dir='ltr'><strong>tu</strong></span> 
     </span>
     <span class='ocr_line' id='line_1_28' title="bbox 167 3213 1291 3299; baseline 0.006 -23"><span class='ocrx_word' id='word_1_239' title='bbox 167 3213 331 3295; x_wconf 88' lang='lat' dir='ltr'><strong>prosiliens</strong></span> <span class='ocrx_word' id='word_1_240' title='bbox 366 3213 406 3277; x_wconf 93' lang='lat' dir='ltr'><strong>ad</strong></span> <span class='ocrx_word' id='word_1_241' title='bbox 433 3215 571 3280; x_wconf 90' lang='lat' dir='ltr'><strong>nostram</strong></span> <span class='ocrx_word' id='word_1_242' title='bbox 603 3216 727 3299; x_wconf 91' lang='lat' dir='ltr'><strong>integra</strong></span> <span class='ocrx_word' id='word_1_243' title='bbox 761 3217 793 3281; x_wconf 92' lang='lat' dir='ltr'><strong>et</strong></span> <span class='ocrx_word' id='word_1_244' title='bbox 825 3216 993 3281; x_wconf 81' lang='lat' dir='ltr'><strong>manifesta</strong></span> <span class='ocrx_word' id='word_1_245' title='bbox 1024 3216 1083 3281; x_wconf 90' lang='lat' dir='ltr'><strong>tibi</strong></span> <span class='ocrx_word' id='word_1_246' title='bbox 1118 3216 1291 3283; x_wconf 88' lang='lat' dir='ltr'><strong>dicentium</strong></span> 
     </span>
     <span class='ocr_line' id='line_1_29' title="bbox 168 3318 1291 3404; baseline 0.004 -24"><span class='ocrx_word' id='word_1_247' title='bbox 168 3335 287 3381; x_wconf 90' lang='lat' dir='ltr'><strong>necem.</strong></span> <span class='ocrx_word' id='word_1_248' title='bbox 326 3337 396 3381; x_wconf 92' lang='lat' dir='ltr'><strong>eum</strong></span> <span class='ocrx_word' id='word_1_249' title='bbox 419 3323 524 3383; x_wconf 89' lang='lat' dir='ltr'><strong>autem</strong></span> <span class='ocrx_word' id='word_1_250' title='bbox 546 3318 622 3384; x_wconf 84' lang='lat' dir='ltr'><strong>tuae</strong></span> <span class='ocrx_word' id='word_1_251' title='bbox 645 3322 822 3404; x_wconf 83' lang='lat' dir='ltr'><strong>audissent,</strong></span> <span class='ocrx_word' id='word_1_252' title='bbox 855 3320 957 3403; x_wconf 88' lang='lat' dir='ltr'><strong>inquit</strong></span> <span class='ocrx_word' id='word_1_253' title='bbox 987 3319 1095 3383; x_wconf 87' lang='lat' dir='ltr'><strong>diuina</strong></span> <span class='ocrx_word' id='word_1_254' title='bbox 1125 3320 1291 3401; x_wconf 83' lang='lat' dir='ltr'><strong>scriptura,</strong></span> 
     </span>
     <span class='ocr_line' id='line_1_30' title="bbox 166 3421 1293 3502; baseline 0.004 -20"><span class='ocrx_word' id='word_1_255' title='bbox 166 3421 343 3501; x_wconf 75' lang='lat' dir='ltr'><strong>fremebant</strong></span> <span class='ocrx_word' id='word_1_256' title='bbox 362 3421 398 3485; x_wconf 90' lang='lat' dir='ltr'><strong>in</strong></span> <span class='ocrx_word' id='word_1_257' title='bbox 421 3421 565 3486; x_wconf 74' lang='lat' dir='ltr'><strong>conditus</strong></span> <span class='ocrx_word' id='word_1_258' title='bbox 586 3423 662 3499; x_wconf 88' lang='lat' dir='ltr'><strong>suis,</strong></span> <span class='ocrx_word' id='word_1_259' title='bbox 686 3426 715 3486; x_wconf 92' lang='lat' dir='ltr'><strong>et</strong></span> <span class='ocrx_word' id='word_1_260' title='bbox 736 3422 911 3487; x_wconf 83' lang='lat' dir='ltr'><strong>stridebant</strong></span> <span class='ocrx_word' id='word_1_261' title='bbox 933 3421 1077 3486; x_wconf 82' lang='lat' dir='ltr'><strong>dentibus</strong></span> <span class='ocrx_word' id='word_1_262' title='bbox 1099 3423 1136 3486; x_wconf 89' lang='lat' dir='ltr'><strong>in</strong></span> <span class='ocrx_word' id='word_1_263' title='bbox 1154 3441 1235 3502; x_wconf 89' lang='lat' dir='ltr'><strong>cum,</strong></span> <span class='ocrx_word' id='word_1_264' title='bbox 1261 3423 1293 3486; x_wconf 91' lang='lat' dir='ltr'><strong>et</strong></span> 
     </span>
    </p>

    <p class='ocr_par' dir='ltr' id='par_1_9' title="bbox 124 3514 1333 3709">
     <span class='ocr_line' id='line_1_31' title="bbox 124 3514 1333 3605; baseline 0.005 -26"><span class='ocrx_word' id='word_1_265' title='bbox 124 3559 133 3579; x_wconf 91' lang='lat'><strong>.</strong></span> <span class='ocrx_word' id='word_1_266' title='bbox 167 3521 262 3586; x_wconf 86' lang='lat' dir='ltr'><strong>inira:</strong></span> <span class='ocrx_word' id='word_1_267' title='bbox 286 3523 458 3588; x_wconf 85' lang='lat' dir='ltr'><strong>clamantes</strong></span> <span class='ocrx_word' id='word_1_268' title='bbox 481 3529 587 3588; x_wconf 91' lang='lat' dir='ltr'><strong>autem</strong></span> <span class='ocrx_word' id='word_1_269' title='bbox 608 3543 683 3588; x_wconf 91' lang='lat' dir='ltr'><strong>uoce</strong></span> <span class='ocrx_word' id='word_1_270' title='bbox 697 3543 828 3605; x_wconf 71' lang='lat' dir='ltr'><strong>magna,</strong></span> <span class='ocrx_word' id='word_1_271' title='bbox 854 3528 1095 3604; x_wconf 85' lang='lat' dir='ltr'><strong>conpresserunt</strong></span> <span class='ocrx_word' id='word_1_272' title='bbox 1109 3514 1205 3589; x_wconf 88' lang='lat' dir='ltr'><strong>aures</strong></span> <span class='ocrx_word' id='word_1_273' title='bbox 1220 3543 1333 3590; x_wconf 81' lang='lat' dir='ltr'><strong>suasu</strong></span> 
     </span>
     <span class='ocr_line' id='line_1_32' title="bbox 168 3625 1293 3709; baseline 0.004 -21"><span class='ocrx_word' id='word_1_274' title='bbox 168 3629 196 3688; x_wconf 89' lang='lat' dir='ltr'><strong>et</strong></span> <span class='ocrx_word' id='word_1_275' title='bbox 218 3625 369 3706; x_wconf 88' lang='lat' dir='ltr'><strong>impetum</strong></span> <span class='ocrx_word' id='word_1_276' title='bbox 391 3627 532 3709; x_wconf 79' lang='lat' dir='ltr'><strong>facerunt</strong></span> <span class='ocrx_word' id='word_1_277' title='bbox 552 3646 617 3689; x_wconf 90' lang='lat' dir='ltr'><strong>uno</strong></span> <span class='ocrx_word' id='word_1_278' title='bbox 633 3626 741 3689; x_wconf 90' lang='lat' dir='ltr'><strong>anima</strong></span> <span class='ocrx_word' id='word_1_279' title='bbox 757 3627 794 3688; x_wconf 93' lang='lat' dir='ltr'><strong>in</strong></span> <span class='ocrx_word' id='word_1_280' title='bbox 809 3644 888 3708; x_wconf 92' lang='lat' dir='ltr'><strong>eum,</strong></span> <span class='ocrx_word' id='word_1_281' title='bbox 912 3627 1084 3691; x_wconf 88' lang='lat' dir='ltr'><strong>eteicctam</strong></span> <span class='ocrx_word' id='word_1_282' title='bbox 1103 3632 1195 3691; x_wconf 83' lang='lat' dir='ltr'><strong>entra</strong></span> <span class='ocrx_word' id='word_1_283' title='bbox 1210 3628 1293 3692; x_wconf 86' lang='lat' dir='ltr'><strong>eini-</strong></span> 
     </span>
    </p>
   </div>
   <div class='ocr_carea' id='block_1_3' title="bbox 269 3795 1110 3878">
    <p class='ocr_par' dir='ltr' id='par_1_10' title="bbox 269 3795 1110 3878">
     <span class='ocr_line' id='line_1_33' title="bbox 269 3795 1110 3878; baseline 0.004 -14"><span class='ocrx_word' id='word_1_284' title='bbox 269 3811 301 3864; x_wconf 88' lang='lat' dir='ltr'><strong>1e</strong></span> <span class='ocrx_word' id='word_1_285' title='bbox 319 3812 377 3866; x_wconf 76' lang='lat' dir='ltr'><strong>lea</strong></span> <span class='ocrx_word' id='word_1_286' title='bbox 396 3813 422 3878; x_wconf 82' lang='lat' dir='ltr'><strong>a,</strong></span> <span class='ocrx_word' id='word_1_287' title='bbox 441 3810 543 3865; x_wconf 80' lang='lat' dir='ltr'><strong>er-se</strong></span> <span class='ocrx_word' id='word_1_288' title='bbox 613 3810 646 3863; x_wconf 83' lang='lat' dir='ltr'><strong>aa</strong></span> <span class='ocrx_word' id='word_1_289' title='bbox 664 3810 700 3864; x_wconf 83' lang='lat' dir='ltr'><strong>ru.</strong></span> <span class='ocrx_word' id='word_1_290' title='bbox 713 3795 744 3876; x_wconf 75' lang='lat' dir='ltr'><strong>ju,</strong></span> <span class='ocrx_word' id='word_1_291' title='bbox 764 3812 797 3864; x_wconf 80' lang='lat'><strong>54</strong></span> <span class='ocrx_word' id='word_1_292' title='bbox 866 3813 899 3865; x_wconf 84' lang='lat' dir='ltr'><strong>aa</strong></span> <span class='ocrx_word' id='word_1_293' title='bbox 917 3813 953 3867; x_wconf 82' lang='lat' dir='ltr'><strong>u.</strong></span> <span class='ocrx_word' id='word_1_294' title='bbox 972 3816 997 3878; x_wconf 80' lang='lat' dir='ltr'><strong>u,</strong></span> <span class='ocrx_word' id='word_1_295' title='bbox 1016 3815 1057 3869; x_wconf 81' lang='lat' dir='ltr'><strong>sa.</strong></span> <span class='ocrx_word' id='word_1_296' title='bbox 1076 3815 1110 3868; x_wconf 78' lang='lat' dir='ltr'><strong>ee</strong></span> 
     </span>
    </p>
   </div>
   <div class='ocr_carea' id='block_1_4' title="bbox 209 3960 1290 4062">
    <p class='ocr_par' dir='ltr' id='par_1_11' title="bbox 209 3960 1290 4062">
     <span class='ocr_line' id='line_1_34' title="bbox 209 3960 1290 4062; baseline 0.006 -26"><span class='ocrx_word' id='word_1_297' title='bbox 209 3960 236 4036; x_wconf 77' lang='grc' dir='ltr'><strong>Ι4</strong></span> <span class='ocrx_word' id='word_1_298' title='bbox 252 3981 385 4036; x_wconf 89' lang='lat' dir='ltr'><strong>inuitante</strong></span> <span class='ocrx_word' id='word_1_299' title='bbox 403 3983 515 4051; x_wconf 83' lang='lat' dir='ltr'><strong>scripsi,</strong></span> <span class='ocrx_word' id='word_1_300' title='bbox 533 3960 693 4035; x_wconf 81' lang='lat' dir='ltr'><strong>inritantem</strong></span> <span class='ocrx_word' id='word_1_301' title='bbox 713 3983 752 4062; x_wconf 63' lang='lat' dir='ltr'><strong>t&#39;o</strong></span> <span class='ocrx_word' id='word_1_302' title='bbox 847 3985 1142 4054; x_wconf 86' lang='lat' dir='ltr'><strong>5satisagentemo.</strong></span> <span class='ocrx_word' id='word_1_303' title='bbox 1200 3989 1290 4058; x_wconf 88' lang='lat' dir='ltr'><strong>8apa</strong></span> 
     </span>
    </p>
   </div>
   <div class='ocr_carea' id='block_1_5' title="bbox 167 4061 1226 4160">
    <p class='ocr_par' dir='ltr' id='par_1_12' title="bbox 167 4061 1226 4160">
     <span class='ocr_line' id='line_1_35' title="bbox 167 4061 1226 4160; baseline 0.008 -23"><span class='ocrx_word' id='word_1_304' title='bbox 167 4061 412 4154; x_wconf 67' lang='lat' dir='ltr'><strong>sialitanus.)</strong></span> <span class='ocrx_word' id='word_1_305' title='bbox 483 4085 514 4138; x_wconf 82' lang='lat'><strong>11</strong></span> <span class='ocrx_word' id='word_1_306' title='bbox 528 4086 636 4138; x_wconf 87' lang='lat' dir='ltr'><strong>conatus</strong></span> <span class='ocrx_word' id='word_1_307' title='bbox 706 4085 739 4137; x_wconf 82' lang='lat'><strong>13</strong></span> <span class='ocrx_word' id='word_1_308' title='bbox 751 4085 901 4141; x_wconf 82' lang='lat' dir='ltr'><strong>athetanum</strong></span> <span class='ocrx_word' id='word_1_309' title='bbox 971 4090 1076 4158; x_wconf 78' lang='lat' dir='ltr'><strong>18-quia</strong></span> <span class='ocrx_word' id='word_1_310' title='bbox 1090 4093 1226 4160; x_wconf 90' lang='lat' dir='ltr'><strong>cepistisa</strong></span> 
     </span>
    </p>
   </div>
   <div class='ocr_carea' id='block_1_6' title="bbox 167 4159 1295 4243">
    <p class='ocr_par' dir='ltr' id='par_1_13' title="bbox 167 4159 1295 4243">
     <span class='ocr_line' id='line_1_36' title="bbox 167 4159 1295 4243; baseline 0.012 -21"><span class='ocrx_word' id='word_1_311' title='bbox 167 4170 201 4222; x_wconf 83' lang='lat'><strong>24</strong></span> <span class='ocrx_word' id='word_1_312' title='bbox 218 4159 245 4224; x_wconf 81' lang='lat' dir='ltr'><strong>t&#39;e</strong></span> <span class='ocrx_word' id='word_1_313' title='bbox 265 4176 289 4237; x_wconf 82' lang='lat' dir='ltr'><strong>(e</strong></span> <span class='ocrx_word' id='word_1_314' title='bbox 306 4171 339 4224; x_wconf 87' lang='lat' dir='ltr'><strong>in</strong></span> <span class='ocrx_word' id='word_1_315' title='bbox 356 4172 426 4238; x_wconf 84' lang='lat' dir='ltr'><strong>rae.)</strong></span> <span class='ocrx_word' id='word_1_316' title='bbox 504 4172 538 4224; x_wconf 79' lang='lat'><strong>27</strong></span> <span class='ocrx_word' id='word_1_317' title='bbox 557 4171 687 4236; x_wconf 83' lang='lat' dir='ltr'><strong>integram</strong></span> <span class='ocrx_word' id='word_1_318' title='bbox 705 4189 734 4241; x_wconf 88' lang='lat' dir='ltr'><strong>o,</strong></span> <span class='ocrx_word' id='word_1_319' title='bbox 753 4174 827 4226; x_wconf 90' lang='lat' dir='ltr'><strong>unde</strong></span> <span class='ocrx_word' id='word_1_320' title='bbox 844 4175 974 4243; x_wconf 88' lang='lat' dir='ltr'><strong>integram</strong></span> <span class='ocrx_word' id='word_1_321' title='bbox 993 4179 1021 4229; x_wconf 90' lang='lat' dir='ltr'><strong>et</strong></span> <span class='ocrx_word' id='word_1_322' title='bbox 1037 4178 1205 4233; x_wconf 79' lang='lat' dir='ltr'><strong>manifestem</strong></span> <span class='ocrx_word' id='word_1_323' title='bbox 1224 4181 1295 4236; x_wconf 81' lang='lat' dir='ltr'><strong>neate</strong></span> 
     </span>
    </p>
   </div>
   <div class='ocr_carea' id='block_1_7' title="bbox 121 4252 1091 4367">
    <p class='ocr_par' dir='ltr' id='par_1_14' title="bbox 108 4252 1091 4367">
     <span class='ocr_line' id='line_1_37' title="bbox 121 4252 1091 4367; baseline 0.008 -57.894"><span class='ocrx_word' id='word_1_324' title='bbox 121 4291 147 4367; x_wconf 30' lang='grc' dir='ltr'><strong>’Χ</strong></span> <span class='ocrx_word' id='word_1_325' title='bbox 166 4258 294 4324; x_wconf 79' lang='lat' dir='ltr'><strong>fecerunt</strong></span> <span class='ocrx_word' id='word_1_326' title='bbox 310 4257 515 4326; x_wconf 76' lang='lat' dir='ltr'><strong>Lupdemenses</strong></span> <span class='ocrx_word' id='word_1_327' title='bbox 584 4255 618 4308; x_wconf 78' lang='lat'><strong>28</strong></span> <span class='ocrx_word' id='word_1_328' title='bbox 636 4252 758 4312; x_wconf 85' lang='lat' dir='ltr'><strong>audisset</strong></span> <span class='ocrx_word' id='word_1_329' title='bbox 771 4260 861 4330; x_wconf 86' lang='lat' dir='ltr'><strong>inquid</strong></span> <span class='ocrx_word' id='word_1_330' title='bbox 930 4261 962 4315; x_wconf 86' lang='grc'><strong>31</strong></span> <span class='ocrx_word' id='word_1_331' title='bbox 982 4262 1091 4317; x_wconf 87' lang='lat' dir='ltr'><strong>ciuitate</strong></span> 
     </span>
    </p>
   </div>
   <div class='ocr_carea' id='block_1_8' title="bbox 152 4400 206 4661">
    <p class='ocr_par' dir='ltr' id='par_1_15' title="bbox 152 4400 314 4661">
     <span class='ocr_line' id='line_1_38' title="bbox 152 4400 206 4661; baseline 0 0"><span class='ocrx_word' id='word_1_332' title='bbox 152 4400 206 4661; x_wconf 75' lang='lat' dir='ltr'><strong>l</strong></span> 
     </span>
    </p>
   </div>
   <div class='ocr_carea' id='block_1_9' title="bbox 0 0 1430 4754">
    <p class='ocr_par' dir='ltr' id='par_1_16' title="bbox 0 0 1430 4754">
     <span class='ocr_line' id='line_1_39' title="bbox 0 0 1430 4754; baseline 0 0"><span class='ocrx_word' id='word_1_333' title='bbox 0 0 1430 4754; x_wconf 95' lang='lat' dir='ltr'><strong> </strong></span> 
     </span>
    </p>
   </div>
  </div>
 </body>
</html>
