2850 4754
403 359 444 413 De
463 374 516 411 non
534 357 665 427 parcendo
682 360 710 412 in
729 358 805 412 deum
823 359 1046 430 delinquentibus.
1226 360 1290 427 223

178 550 202 610 et
217 548 380 630 respoudit
400 550 468 633 repi
489 548 619 614 uerbum
641 554 670 616 et
693 550 781 614 misit
804 570 860 615 rec
875 550 981 614 Iosias
1003 554 1032 614 et
1055 550 1176 633 eollepit
1197 550 1241 614 ad
1255 569 1289 614 se

176 669 269 716 omues
291 651 491 735 presbyteros
516 652 604 716 Iuda
631 653 667 717 iu
689 653 902 718 Hierusalem.
936 657 967 717 et
987 653 1130 718 ascendit
1159 672 1217 717 reu
1244 653 1287 718 ad

175 754 329 819 domiuum
350 758 380 818 ct
400 773 505 820 omues
526 756 594 819 uiri
608 755 696 822 Iuda
717 760 747 820 et
767 757 941 822 sacerdotes
962 761 991 820 et
1008 755 1123 821 leuitas
1139 760 1168 821 et
1183 756 1287 820 ommis

171 857 302 940 populus
321 878 343 925 a
353 857 474 941 pusillo
495 878 593 939 usque
615 859 659 923 ad
681 860 842 923 maiorem.
868 864 898 924 et
920 859 997 942 lepit
1018 879 1073 923 reu
1095 859 1132 922 iu
1154 857 1288 924 auribus

153 961 272 1043 5populi
294 963 404 1026 ommia
425 960 522 1028 uerba
545 961 622 1026 libri
641 964 829 1043 testamenti,
853 963 908 1043 qui
922 965 1073 1027 iuueutus
1087 965 1130 1026 cst
1145 963 1182 1026 iu
1196 962 1288 1026 domo

172 1064 300 1132 domiui.
335 1069 365 1129 et
386 1065 473 1129 stetit
492 1085 550 1130 rea
571 1065 614 1129 ad
635 1063 813 1130 solumuom
836 1071 864 1130 ct
886 1066 1041 1146 disposuit
1068 1068 1286 1129 testamcutum

173 1170 247 1249 quod
268 1169 436 1232 iuueutum
459 1172 503 1232 est
525 1169 563 1231 iu
585 1167 674 1232 darno
695 1167 820 1232 domiui
841 1173 915 1233 aute
936 1173 1130 1250 conspectum
1150 1167 1285 1248 domiui,

171 1271 212 1336 ire
227 1274 303 1353 post
323 1271 489 1336 domiuum
511 1275 539 1335 et
562 1270 729 1336 obseruare
748 1271 905 1335 mandata
929 1272 996 1336 eius
1010 1275 1038 1335 et
1055 1272 1288 1354 testificationes

171 1377 196 1437 et
208 1377 382 1456 praecepta
403 1375 471 1439 eius
493 1375 531 1437 iu
553 1378 615 1438 toto
637 1373 728 1437 corde
748 1374 816 1437 eius
838 1377 868 1438 et
895 1377 960 1438 tota
988 1375 1117 1459 areima,
1147 1378 1284 1440 statuere

141 1478 272 1542 ”oroma
292 1477 391 1541 uerba
412 1477 588 1542 testamenti
610 1476 704 1540 istius
726 1476 846 1556 scripto
868 1476 904 1539 iu
927 1476 1004 1541 ldmo
1025 1479 1096 1543 isto.
1129 1482 1159 1543 et
1179 1483 1285 1543 trous-

168 1579 225 1643 iuit
257 1579 363 1644 oruuis
384 1580 527 1660 populus
555 1580 592 1643 iu
620 1583 837 1644 testamcutum
871 1581 954 1662 quod
979 1582 1135 1663 disposuit
1162 1602 1217 1647 reo
1246 1601 1285 1647 ea

169 1681 250 1748 ldro.
284 1687 313 1746 ct
335 1683 507 1746 mandauit
528 1702 585 1746 rea
608 1682 772 1749 Oleleliac
800 1683 955 1748 sacerdoti
982 1704 1097 1766 mapuo
1124 1688 1154 1748 et
1181 1703 1286 1750 secer-

153 1785 285 1850 ·dotibus
316 1785 517 1849 secundariis
543 1790 571 1849 et
599 1785 843 1850 custodientibus
864 1785 996 1868 spica,
1030 1791 1065 1850 ut
1093 1788 1226 1852 eicereut
1246 1787 1284 1852 dc

167 1887 252 1953 domo
274 1889 398 1954 domim
420 1890 529 1952 ommia
557 1907 640 1952 uasa
666 1890 841 1970 pudefecit
868 1889 911 1953 ad
933 1888 1045 1953 Batai
1071 1894 1099 1953 et
1122 1890 1225 1954 Ascra
1254 1894 1283 1953 et

134 2006 155 2045 1⁵
167 1992 248 2056 omui
269 1990 407 2056 militiae
428 1992 517 2058 caeli.
540 1996 569 2055 et
591 1992 754 2056 combussit
775 1992 835 2056 illo
855 1994 944 2074 foras
966 1998 1058 2058 satra
1078 1993 1281 2058 Hierusalem

166 2095 200 2158 iu
212 2095 362 2160 iueeudio
376 2095 445 2159 riui
462 2095 595 2161 Gedrou.
620 2099 648 2160 et
663 2096 798 2177 sumpsit
820 2096 938 2161 ciueres
959 2097 1089 2161 illorum
1111 2101 1139 2162 et
1161 2097 1283 2179 sparsit

165 2198 200 2261 iu
225 2199 335 2262 riuum
368 2202 399 2262 et
427 2197 571 2263 obiitin
598 2197 720 2264 Bethel.
766 2204 794 2263 et
822 2199 981 2264 combussit
1007 2200 1178 2265 sacerdotes
1205 2218 1283 2281 quos

166 2303 394 2366 emutituerarrt
415 2321 500 2384 repes
522 2302 642 2384 Iudae,
677 2307 714 2366 ut
741 2303 945 2368 iuceudereut
965 2303 1093 2368 excelsis
1114 2303 1282 2369 ciuitatum

165 2403 249 2470 Iuda
262 2409 292 2469 ct
307 2406 391 2470 circa
407 2405 628 2484 Hierusalem;
651 2405 858 2469 iuceudelmut
871 2405 995 2470 Boleti
1017 2411 1045 2469 et
1066 2405 1123 2469 soli
1145 2409 1174 2469 et
1189 2405 1284 2469 luuae

127 2512 192 2574 met
212 2509 301 2572 comui
323 2509 460 2573 militiae
483 2510 573 2573 caeli.
609 2512 639 2571 ct
664 2507 844 2572 eatulermut
871 2509 1019 2573 dedomo
1046 2508 1169 2572 domiui
1195 2510 1285 2590 foras

164 2615 254 2674 cotra
267 2609 471 2675 Hierusalem
494 2612 531 2675 iu
553 2611 663 2674 riuum
687 2609 817 2693 Cedrore,
841 2615 869 2674 et
891 2611 1076 2675 erleuuauit
1097 2610 1231 2675 ciuerem
1253 2613 1281 2672 et

160 2715 292 2795 proiecit
324 2714 375 2779 iu
395 2719 632 2778 mouumcutum
662 2714 803 2795 filiorum
833 2713 942 2794 plebis.
977 2717 1005 2776 et
1031 2713 1172 2777 eutrauit
1195 2711 1280 2794 tilios

163 2816 291 2882 illoram
313 2817 369 2898 qui
391 2822 484 2882 eraut
505 2818 542 2880 iu
564 2817 655 2883 domo
677 2815 810 2900 domiui,
834 2837 968 2897 quorum
990 2815 1136 2880 mulieres
1158 2815 1280 2898 officio·

163 2918 278 2984 dautur
299 2920 345 2984 ili
366 2921 409 2985 ad
431 2919 536 2984 stolas.
570 2919 799 2983 etiutroducil
821 2938 926 2983 oozues
948 2919 1119 2984 sacerdotes
1141 2939 1179 2984 eu
1200 2919 1283 2985 ciui·

124 3023 279 3088 sitatibus
305 3021 392 3088 Iuda
419 3026 450 3088 et
477 3023 698 3104 coloquiuouit
720 3026 843 3104 saucia,
866 3022 920 3086 ubi
941 3022 1150 3089 iuceudebaut
1179 3042 1283 3089 sacer·

163 3125 246 3192 dotes
270 3127 401 3209 Apabae
422 3145 521 3208 usque
542 3126 579 3189 dc
601 3125 741 3206 Roseae,
772 3129 802 3190 et
822 3125 962 3188 detraxit
983 3126 1116 3191 excelsos
1140 3126 1279 3206 illarum,

164 3228 310 3293 stinfra:
340 3235 369 3295 et
390 3230 611 3312 cmuquiuauit
632 3229 732 3294 Piera
754 3229 837 3310 quod
864 3233 934 3293 crat
954 3229 992 3292 iu
1019 3228 1181 3312 Gepeuau,
1205 3250 1282 3312 quo

163 3333 251 3398 mom
278 3333 500 3414 perduocruut
531 3334 661 3415 quisque
692 3332 798 3413 tilium
826 3351 920 3396 suum
948 3337 977 3397 ct
1004 3333 1109 3414 tilium
1129 3351 1221 3397 suam
1243 3333 1280 3394 iu

162 3439 233 3518 ique
255 3435 391 3503 Molem.
414 3472 463 3505 uss
488 3441 662 3517 posueruut
688 3455 775 3518 repes
805 3436 892 3500 Iuda
918 3435 978 3499 soli
1004 3436 1043 3500 ab
1064 3435 1200 3500 iutroilu
1221 3434 1277 3499 do-

260 3607 625 3676 mmmmmm

211 3784 371 3837 testamo
450 3783 482 3835 10
500 3781 598 3835 scribta
676 3780 708 3833 13
726 3754 840 3835 eicerent
931 3781 964 3834 26
983 3797 999 3834 a
1017 3779 1058 3848 (de
1077 3780 1172 3847 Caleti)
1198 3779 1283 3834 Gabal

161 3885 239 3939 usque
257 3868 390 3924 Bersabee
407 3869 483 3935 fort,
507 3866 561 3919 ἀπὸ
580 3867 681 3937 Paridi
698 3866 743 3919 καὶ
761 3866 813 3926 ἕως
831 3867 969 3936 Βηρσαβεέ
985 3864 1074 3920 LXX
1158 3865 1191 3919 29
1208 3882 1283 3935 posu-

162 3955 241 4025 erant]
262 3954 374 4009 abstulit
392 3970 491 4025 quoque
511 3970 589 4023 equos
603 3969 666 4022 quas
679 3952 806 4006 dederant
824 3954 893 4006 caui.
909 3952 1001 4020 Ooleti,
1021 3952 1048 4004 et
1065 3951 1186 4019 deposuit
1204 3969 1282 4022 equos

162 4058 222 4110 quos
240 4043 383 4111 posuerant
401 4042 471 4094 curt.
491 4039 642 4094 Cotelerius
739 4039 767 4091 in
784 4038 894 4091 introitu
912 4038 1003 4106 templi
1022 4036 1121 4091 damini
1138 4037 1211 4091 iuxta
1229 4053 1285 4091 exe-

161 4126 233 4181 dram
256 4127 464 4182 Nathanmeleeh
488 4124 598 4179 eunuchi
621 4125 664 4194 qui
683 4124 739 4177 ersi
752 4124 784 4187 jn
803 4123 939 4177 Pharurim
964 4114 1050 4177 Coleti
1073 4140 1106 4177 eoc
1125 4122 1229 4191 Sabat,
1248 4123 1281 4177 ab

134 4226 137 4232 ·
160 4213 268 4268 introitu
287 4213 377 4266 domus
403 4212 501 4266 domini
525 4211 560 4264 ad
576 4210 770 4279 pastophorium
792 4211 899 4264 Nathan
921 4211 990 4279 regis
1009 4208 1119 4261 eunuchi
1143 4209 1198 4277 (uel
1216 4209 1284 4278 quod

159 4300 246 4366 posuit
262 4299 332 4367 regis
350 4298 490 4367 eunuchus)
509 4298 552 4366 qui
570 4297 598 4350 in
616 4295 752 4350 Pharurim
772 4298 827 4365 (uel
844 4295 994 4363 Famadim)
1013 4293 1164 4349 Cotelerius
