2850 4754
165 409 279 457 XXVIII

78 652 80 656 .
165 577 320 642 minicnm
341 596 462 662 prepem
478 582 633 659 pastores.
669 577 781 642 alludit
799 578 840 643 ad
864 577 1030 660 epistulam
1051 579 1164 662 aphes.
1189 582 1219 662 4,
1244 538 1293 647 14

165 686 201 746 nt
232 681 299 744 iom
329 700 394 744 non
426 681 526 744 simne
552 679 743 768 pornnliet
777 682 1039 764 circumferamur
1072 684 1159 747 omni
1191 690 1285 750 mento

165 785 335 852 doctrinae.
373 783 407 848 id
438 783 543 848 autem
568 783 670 847 uoluit
693 783 904 870 Constantius,
936 785 972 868 nt
994 785 1044 850 dei
1066 787 1209 870 pastores
1232 788 1286 871 qui

164 890 260 970 supra
283 885 400 951 domini
422 904 551 969 gregem
572 885 668 968 positi
691 887 780 952 erant
800 887 837 951 ut
857 888 924 971 ipse
942 891 1069 973 (tecam)
1091 891 1287 974 susciperent
1383 961 1386 968 ,

166 989 321 1055 haeresim
344 989 377 1054 et
399 1008 417 1052 a
437 988 545 1053 radice
569 981 706 1071 separati
722 989 874 1055 ecclesiae
898 989 1180 1058 circumferrentur.
1204 1013 1285 1076 quae

167 1111 239 1157 cum
263 1092 363 1157 Tilius
392 1112 453 1157 non
481 1091 691 1175 intellegeret,
720 1097 757 1159 nt
778 1098 807 1158 te
836 1113 905 1158 cnm
935 1095 1022 1160 omni
1044 1100 1137 1161 nenio
1157 1133 1200 1145 -
1221 1098 1285 1162 cir-

165 1195 319 1288 cumferre
347 1194 473 1276 scripsit
498 1195 530 1259 et
550 1195 636 1259 mala
659 1194 857 1261 distinctione
881 1214 960 1279 qnae
984 1197 1154 1280 sequuntur
1177 1217 1286 1264 corru-

165 1297 221 1380 pit.
252 1299 333 1362 hunc
357 1316 432 1362 uero
450 1297 591 1384 aduerhii
607 1317 698 1363 nsum
715 1298 755 1363 acl
772 1298 958 1364 Tertulliani
973 1300 1148 1382 exemplum
1161 1301 1287 1366 Lucifer

104 1401 107 1408 ’
168 1400 253 1464 amat
278 1399 330 1483 (cf.
354 1399 417 1463 ind.
440 1419 470 1483 p.
494 1401 582 1482 352),
617 1400 669 1483 qui
691 1401 764 1480 269,
787 1401 828 1467 21
851 1407 887 1467 tn
913 1422 988 1467 nero
1016 1396 1137 1486 semper
1163 1403 1234 1469 int
1271 1441 1286 1452 -

167 1508 273 1568 mento
296 1503 451 1582 obituros,
473 1502 494 1566 i.
519 1523 545 1568 e.
573 1503 605 1567 in
628 1504 826 1586 sempiterna,
857 1505 893 1569 ut
916 1505 1128 1570 Tertullianus
1151 1507 1190 1571 de
1211 1506 1286 1588 pall.

166 1625 194 1670 6.
220 1607 236 1671 l
260 1605 426 1688 principes
447 1625 566 1688 semper
587 1606 729 1688 Africae,
754 1607 840 1671 dixit.
885 1607 966 1686 265,
980 1607 1024 1674 20
1046 1608 1134 1690 opnd
1155 1609 1289 1673 Niciam

166 1694 355 1789 descriptum
376 1709 470 1792 fidem
490 1708 594 1790 fecisti
614 1709 766 1773 indicari
790 1710 920 1792 (667)
943 1710 1152 1791 decreticum
1181 1711 1286 1792 sequi·

166 1808 218 1892 tur
233 1811 460 1892 blasphemium
485 1815 573 1876 tnom
594 1812 697 1894 fecisti
718 1811 785 1877 dici
806 1811 1003 1893 catholicam,
1026 1831 1126 1895 neque
1151 1812 1288 1896 episcopi

167 1914 358 2007 Ariminensi
387 1913 519 1979 concilio
550 1914 731 1996 congregati
760 1933 837 1996 qnos
869 1902 903 1979 id
928 1914 1033 1981 facere
1059 1914 1196 1980 iusserat
1222 1915 1287 1980 ullo

165 2019 262 2104 uerbo
284 2016 470 2082 indicantur.
486 2056 528 2064 -
543 2016 615 2095 221,
639 2017 659 2081 6
680 2023 806 2097 quanto·
821 2018 924 2100 inopis
945 2037 1001 2081 nos
1023 2018 1126 2100 dipni
1149 2021 1222 2099 (·ne
1242 2018 1285 2099 V)

166 2123 204 2201 te,
233 2121 385 2202 conspice,
411 2140 448 2184 eoo
470 2119 599 2185 ecclesia
616 2111 733 2200 pollere
757 2117 886 2195 Christi,
908 2119 928 2182 i.
953 2138 979 2183 e.
1003 2119 1146 2202 conspice
1170 2121 1286 2202 quento

167 2243 223 2316 nos
245 2224 347 2306 magis
371 2222 456 2306 digni
478 2222 576 2287 simus
598 2221 651 2285 uel
664 2221 714 2285 ius
737 2221 918 2300 habeamus,
937 2220 975 2285 de
992 2240 1054 2303 qua
1068 2223 1156 2287 uocis
1170 2223 1287 2306 dipnns

167 2326 394 2410 significatione
426 2326 458 2389 et
487 2324 589 2406 ellipsi
619 2322 657 2387 cf.
679 2323 743 2387 ind
766 2343 795 2406 p.
820 2323 891 2388 360.
914 2361 956 2401 -‚-
980 2325 1029 2402 12,
1055 2323 1094 2388 16
1116 2325 1191 2390 haec
1212 2330 1288 2390 sent

166 2412 396 2496 mmitotiones
420 2429 481 2513 (-is
503 2427 544 2510 V)
576 2433 706 2491 nostroe.
741 2426 898 2509 genitiuus
920 2425 1111 2507 insolentior,
1141 2428 1286 2494 neutrum

164 2533 241 2609 doec
277 2554 350 2599 nero
386 2532 451 2597 sine
490 2521 657 2594 offensione
695 2529 751 2594 est.
812 2529 869 2608 24,
906 2528 949 2594 30
984 2530 1014 2594 si
1045 2566 1087 2576 —
1119 2530 1287 2614 intcllcpis

168 2629 233 2723 (-cs
255 2637 307 2719 V),
332 2636 484 2717 conspice.
523 2633 575 2711 58,
597 2634 618 2696 4
639 2632 692 2697 sed
713 2633 790 2714 qnid
811 2634 929 2699 sentis?
957 2633 1047 2698 credo
1061 2670 1103 2680 —
1119 2633 1203 2699 dicos
1226 2636 1287 2719 (-is

165 2721 220 2822 V),
255 2740 313 2804 nisi
342 2738 469 2808 solitum
496 2736 568 2819 post
595 2737 682 2802 credo
707 2734 836 2800 modum
861 2736 975 2821 (dicos)
999 2735 1194 2818 praetuleris.
1233 2737 1285 2816 62,

31 2927 33 2930 ⁴
167 2843 210 2907 20
230 2843 364 2907 desines
389 2839 506 2925 (-isv)
530 2841 664 2921 inpnom
687 2838 788 2903 dicere
811 2838 987 2922 (praecedit
1008 2838 1087 2904 116
1109 2839 1175 2902 iom
1199 2842 1288 2906 credo
1382 2927 1385 2934 Ι

164 3001 208 3012 -
231 2963 359 3028 desines
381 2961 507 3041 dicere).
547 2960 617 3037 161,
641 2958 681 3022 27
705 2959 758 3023 scd
780 2959 869 3024 credo
892 2959 996 3024 adine
1017 2963 1157 3041 temptes
1181 2932 1286 3044 (isv

165 3084 244 3153 corr.
267 3085 308 3128 m.
330 3064 419 3144 rec).
457 3062 527 3141 187,
550 3062 592 3125 20
614 3061 702 3126 domo
723 3063 778 3144 qni
803 3101 845 3110 —
864 3063 1047 3145 proscribas
1062 3101 1113 3140 -,
1137 3048 1287 3144 deportes

167 3170 230 3254 (-is
252 3169 290 3248 V,
312 3167 461 3248 deportas
482 3167 524 3249 v),
561 3170 712 3247 torpneos,
742 3170 899 3247 postremo
931 3166 1126 3255 interficias..
1161 3167 1232 3244 112,
1266 3165 1285 3230 8

110 3350 112 3357 Ι
166 3291 232 3349 non
256 3269 376 3352 loperos
398 3269 553 3349 scriptum
570 3306 612 3315 —
636 3271 671 3332 nt
693 3267 891 3333 innocentem
913 3271 1012 3332 tecnm
1034 3287 1092 3333 nos
1114 3267 1287 3349 interficere

166 3373 319 3439 iratiores
343 3372 404 3456 (-is
425 3371 478 3453 V).
519 3371 589 3450 198,
615 3371 653 3435 17
683 3371 760 3453 qnid
788 3372 847 3436 tihi
867 3372 974 3435 nisam
997 3374 1042 3436 est
1062 3375 1100 3459 nt
1119 3372 1286 3436 inniteris

123 3462 125 3467 ’
165 3476 210 3548 od
232 3475 437 3540 homicidium
457 3475 649 3558 sociandum.
684 3472 830 3556 proposui
853 3473 1010 3536 inniterer
1032 3472 1089 3536 sed
1111 3472 1190 3537 nihil
1209 3492 1284 3537 mu-

165 3579 298 3643 tandum
328 3577 376 3642 eet
406 3577 458 3660 (61.
488 3576 552 3641 ind.
576 3581 714 3658 temporo
735 3595 765 3659 p.
788 3575 876 3656 376).
898 3611 940 3620 -
965 3573 1036 3652 109,
1067 3575 1107 3640 15
1135 3576 1286 3641 intendet

169 3682 228 3764 (ic
251 3680 291 3763 V)
322 3700 431 3746 orcnm
462 3681 599 3763 (incensi
618 3681 655 3744 cd
677 3677 796 3759 τόξον).
833 3678 906 3754 320,
930 3677 949 3742 8
977 3682 1005 3742 et
1036 3676 1087 3742 iic
1104 3677 1287 3758 probabiles

165 3783 223 3848 deo
246 3782 392 3848 ostendit
415 3785 477 3865 (-et
500 3782 541 3861 V)
564 3786 592 3846 et
619 3781 687 3845 iom
713 3781 756 3871 od
786 3778 933 3860 fntnrom
949 3777 1099 3861 ,plocium
1132 3783 1287 3861 mortpres

164 3885 357 3968 desipncnit.
381 3885 494 3962 -27,
519 3884 561 3948 14
592 3887 627 3947 nt
660 3882 850 3964 fermentum
882 3881 981 3958 fnisse
1013 3882 1191 3946 doctrinam
1221 3902 1287 3946 nom

164 4008 292 4067 sonem,
320 4008 419 4070 qnam
445 3987 592 4052 nidciicet
613 4024 654 4034 -
671 3984 854 4066 proferitis
877 3983 1088 4068 (propinetis
1110 3984 1151 4065 V)
1175 3984 1285 4050 iocre-

163 4092 232 4172 tici,
266 4090 354 4156 notis
385 4090 619 4172 manifestaret,
650 4088 792 4168 seqnitur
819 4087 989 4167 scriptnro.
1027 4086 1059 4148 in
1092 4084 1192 4151 ferma
1225 4104 1285 4151 non

167 4191 359 4260 haerendum
382 4195 439 4271 est,
463 4190 699 4258 concedendum
720 4189 827 4253 tamen
850 4176 1083 4254 coniunctiuum
1100 4191 1286 4271 proferretis

165 4301 206 4366 ab
240 4296 398 4362 enuntiato
431 4294 564 4359 relatiuo
599 4292 733 4357 alienum
768 4311 828 4357 non
860 4309 938 4356 esse.
978 4291 1048 4370 124,
1073 4291 1114 4355 23
1136 4293 1286 4372 pnomodo
