2850 4754
659 951 692 1032 V

273 1121 345 1218 DE
372 1121 485 1219 NON
511 1120 799 1220 nuncnune
827 1122 887 1221 IN
913 1123 1071 1220 DEVM

427 1258 922 1359 onnlnovnnrrssvs

156 1486 181 1548 l.
214 1484 402 1567 Superatum
431 1485 481 1562 te,
511 1485 690 1567 imperator,
724 1505 742 1549 a
772 1487 821 1550 dei
857 1488 957 1551 seruis
992 1507 1028 1552 ex
1058 1488 1141 1553 omni
1171 1507 1243 1552 enm

86 1587 330 1670 seonspexisses
354 1589 453 1669 parte,
486 1588 590 1653 dixisti
619 1608 748 1670 passum
776 1591 808 1653 te
833 1608 867 1653 ac
892 1591 957 1672 pati
981 1610 999 1654 a
1021 1592 1110 1656 nobis
1133 1592 1244 1656 contra

113 1691 234 1755 monita
247 1708 407 1754 sacrarum
420 1692 645 1773 scripturaruum
659 1693 897 1765 contumeliam3
912 1693 990 1757 dicis
1003 1712 1058 1758 nos
1072 1694 1244 1758 insolentes

116 1793 274 1859 exstitisse
299 1793 384 1857 eirca
414 1794 446 1858 te
471 1815 565 1877 quem
586 1796 731 1860 honorari
757 1795 907 1860 decuerit.
953 1796 979 1859 si
1003 1797 1168 1877 qnisquam
1193 1797 1244 1861 dei

116 1897 272 1961 cultorum
301 1896 441 1978 pepercit
472 1897 634 1978 apostatis,
665 1897 728 1962 sint
756 1916 834 1960 uera
864 1916 943 1979 qnae
973 1897 1052 1960 dicis
1081 1897 1120 1959 do
1143 1898 1242 1962 nobis.

115 1998 199 2063 unde
224 1998 392 2075 ordiamur,
421 2000 457 2062 ut
479 2000 514 2062 tn
544 2018 624 2063 nunc
658 2000 787 2064 anobis
811 2000 985 2084 corriperis,
1009 2000 1055 2063 ita
1078 2018 1147 2063 esse
1170 2018 1243 2064 cor-

80 2128 104 2167 so
115 2102 222 2185 reptos
240 2120 347 2166 omnes
364 2102 515 2165 erraticos
531 2120 587 2182 per
603 2100 654 2165 dei
670 2102 817 2178 cultores,
843 2122 902 2184 quo
918 2103 1049 2184 probaro
1065 2102 1244 2184 possimus?

116 2205 199 2268 unde
222 2204 282 2268 nisi
307 2223 325 2267 a
347 2204 429 2268 Mosi
453 2204 504 2269 dei
528 2204 611 2268 serui
636 2205 780 2268 actibus?
801 2205 937 2287 legimns
953 2206 982 2269 in
1000 2205 1106 2270 Exodo
1130 2224 1244 2268 ascen-

118 2306 203 2370 disse
225 2307 364 2372 montem
387 2307 497 2370 Mosen
520 2307 592 2387 post
614 2306 838 2371 testamentum
855 2308 913 2372 sibi
928 2307 1080 2371 traditum
1097 2308 1128 2371 et
1143 2308 1245 2389 pluri-

117 2428 185 2475 mos
197 2409 393 2474 interfecisse
406 2427 514 2475 eorum
526 2410 651 2492 propter
662 2408 861 2474 idololatriae
873 2411 1004 2474 reatum.
1029 2415 1120 2489 stetit,
1133 2410 1244 2492 inquit,

119 2514 227 2579 Moses
238 2515 281 2580 od
287 2517 402 2596 portos
411 2518 586 2578 castrorum
599 2519 627 2579 et
640 2515 739 2579 dia-tt.-
761 2516 833 2595 quis
848 2515 892 2577 od
906 2514 1069 2577 dominum
1082 2515 1246 2594 perotus?

83 2641 106 2681 15
119 2617 229 2681 ueniat
257 2617 300 2681 ad
329 2637 387 2682 me.
434 2622 464 2682 et
485 2622 699 2682 corrueneruct
727 2618 770 2682 od
799 2636 868 2681 eom
896 2635 1002 2680 omnes
1027 2615 1092 2698 pti-t
1114 2616 1195 2681 Laut
1218 2621 1247 2681 et

120 2720 205 2784 dicit
226 2720 291 2784 eis:
312 2719 386 2786 hoec
410 2720 489 2786 dicit
510 2721 658 2786 dominus
673 2721 750 2786 deus
764 2719 884 2784 Israel:
903 2720 1015 2801 ponite
1029 2720 1246 2801 unusquisqne

120 2822 267 2905 plcde‘um
289 2842 383 2887 sunm
406 2824 443 2887 in
465 2823 582 2906 femore
603 2843 659 2890 suo
681 2823 922 2905 etpertronsite
950 2827 978 2887 et
1000 2823 1200 2887 reuerta'cm'ni
1226 2844 1247 2888 o

119 2929 216 3004 porta
237 2943 334 3006 usque
362 2925 406 2990 od
435 2930 563 3006 portam
584 2946 646 3007 per
673 2930 788 3003 codro,
817 2928 846 2990 et
876 2925 1003 2989 occidite
1031 2925 1248 3007 uuusquisque

122 3026 256 3108 fratrem
270 3045 363 3091 mum
379 3031 408 3092 et
423 3029 638 3109 noscendisque
647 3030 867 3110 propinquum
881 3047 975 3092 suum
990 3031 1020 3092 ct
1034 3033 1249 3110 unuquisque

82 3153 109 3194 20
118 3130 303 3210 proximum
326 3150 431 3198 suum.
455 3135 483 3196 et
505 3131 645 3213 feceruut
666 3132 731 3214 pile
752 3130 833 3195 Leni
855 3130 936 3196 sicut
957 3130 1041 3195 dixit
1059 3131 1104 3195 eis
1130 3131 1246 3197 Moses.

125 3235 155 3296 et
175 3234 352 3299 ceciderunt
376 3235 414 3300 dc
431 3222 550 3317 popolo
567 3235 603 3298 in
618 3233 680 3299 e‘lto
694 3234 746 3300 die
760 3234 854 3316 quast
872 3233 937 3298 trio
952 3233 1061 3299 milito
1075 3233 1247 3299 hominum.

122 3339 152 3398 et
168 3336 255 3400 dicit
276 3337 321 3400 ets
344 3338 470 3403 Moses:
492 3337 639 3420 inplestis
654 3336 744 3402 hodie
759 3356 876 3402 munos
892 3336 1018 3401 domino
1032 3336 1248 3417 unusquisque

122 3439 161 3502 to
181 3439 250 3520 filio
274 3445 332 3505 oet
353 3442 390 3505 io
412 3442 515 3522 fratre
536 3440 612 3505 doro·
633 3441 670 3504 tn
692 3440 782 3505 uotis
796 3440 1044 3506 benedictionem.
1068 3456 1175 3502 sumus
1189 3437 1249 3501 tibi

78 3560 80 3567 ·
124 3542 342 3609 contumeliosi
373 3543 409 3607 ut
439 3543 498 3607 init
526 3544 632 3608 Moses
659 3543 773 3626 populo
809 3543 928 3608 insulso
957 3543 1020 3617 illi;
1056 3559 1156 3623 neque
1184 3540 1250 3606 illis

87 3673 112 3712 25
124 3645 292 3728 placebant
313 3647 369 3711 illa
392 3665 472 3728 quae
497 3646 681 3710 dicebantur
697 3647 751 3710 ant
766 3646 884 3711 fiebant
899 3666 917 3710 a
932 3647 1023 3729 Masi,
1047 3644 1170 3727 quando
1185 3644 1250 3708 iam

126 3745 319 3830 delegissent
342 3769 401 3813 non
433 3749 550 3813 seruire
581 3747 638 3813 deo
670 3749 722 3830 qni
754 3768 807 3813 eos
832 3749 996 3830 eripuisset
1026 3747 1065 3813 de
1092 3747 1250 3830 potestate

230 3968 262 4021 13
279 3969 324 4024 nx.
346 3969 387 4037 aa,
406 3969 508 4023 atr-ro

178 4155 195 4208 2
213 4139 298 4210 moin
316 4141 363 4212 nri
381 4156 413 4209 de
432 4172 492 4212 non
510 4172 658 4214 unnennno
676 4173 709 4212 nu
728 4157 772 4211 drn
790 4157 1014 4220 denintunam
1033 4144 1080 4214 nn?
1097 4175 1109 4214 1
1183 4159 1199 4212 8
1217 4159 1251 4214 de

126 4241 232 4307 o‚eV
298 4242 327 4294 11
348 4241 463 4297 llosisv
532 4242 691 4298 aenosev

181 4343 265 4398 XIIII.
1118 4349 1160 4402 ll.
