<?xml version="1.0" encoding="UTF-8"?>
<!DOCTYPE html PUBLIC "-//W3C//DTD XHTML 1.0 Transitional//EN"
    "http://www.w3.org/TR/xhtml1/DTD/xhtml1-transitional.dtd">
<html xmlns="http://www.w3.org/1999/xhtml" xml:lang="en" lang="en">
 <head>
  <title>
</title>
<meta http-equiv="Content-Type" content="text/html;charset=utf-8" />
  <meta name='ocr-system' content='tesseract 3.04.00' />
  <meta name='ocr-capabilities' content='ocr_page ocr_carea ocr_par ocr_line ocrx_word'/>
</head>
<body>
  <div class='ocr_page' id='page_1' title='image "./lucifericalarit00lucigoog_0308.png"; bbox 0 0 2850 4754; ppageno 0'>
   <div class='ocr_carea' id='block_1_1' title="bbox 370 372 1282 461">
    <p class='ocr_par' dir='ltr' id='par_1_1' title="bbox 370 372 1282 461">
     <span class='ocr_line' id='line_1_1' title="bbox 370 372 1282 461; baseline 0.005 -16"><span class='ocrx_word' id='word_1_1' title='bbox 370 372 372 377; x_wconf 34' lang='lat'><strong><em>¹</em></strong></span> <span class='ocrx_word' id='word_1_2' title='bbox 400 391 441 446; x_wconf 89' lang='lat' dir='ltr'><strong>De</strong></span> <span class='ocrx_word' id='word_1_3' title='bbox 459 407 511 446; x_wconf 92' lang='lat' dir='ltr'><strong>non</strong></span> <span class='ocrx_word' id='word_1_4' title='bbox 528 391 659 461; x_wconf 86' lang='lat' dir='ltr'>parcendo</span> <span class='ocrx_word' id='word_1_5' title='bbox 678 393 705 446; x_wconf 91' lang='lat' dir='ltr'>in</span> <span class='ocrx_word' id='word_1_6' title='bbox 724 391 800 446; x_wconf 88' lang='lat' dir='ltr'>deum</span> <span class='ocrx_word' id='word_1_7' title='bbox 818 391 1038 461; x_wconf 75' lang='lat' dir='ltr'>delinquentibus.</span> <span class='ocrx_word' id='word_1_8' title='bbox 1219 392 1282 459; x_wconf 81' lang='grc'><strong>255</strong></span> 
     </span>
    </p>
   </div>
   <div class='ocr_carea' id='block_1_2' title="bbox 124 568 1282 3546">
    <p class='ocr_par' dir='ltr' id='par_1_2' title="bbox 124 568 1282 3546">
     <span class='ocr_line' id='line_1_2' title="bbox 155 568 1279 661; baseline 0.004 -17"><span class='ocrx_word' id='word_1_9' title='bbox 155 579 322 646; x_wconf 79' lang='grc'><strong>66166616</strong></span> <span class='ocrx_word' id='word_1_10' title='bbox 351 581 460 645; x_wconf 91' lang='lat' dir='ltr'>tenens</span> <span class='ocrx_word' id='word_1_11' title='bbox 481 578 543 642; x_wconf 90' lang='lat' dir='ltr'>iter</span> <span class='ocrx_word' id='word_1_12' title='bbox 564 578 690 658; x_wconf 88' lang='lat' dir='ltr'>mortis,</span> <span class='ocrx_word' id='word_1_13' title='bbox 724 568 858 645; x_wconf 85' lang='lat' dir='ltr'>multum</span> <span class='ocrx_word' id='word_1_14' title='bbox 886 581 918 643; x_wconf 91' lang='grc'><strong>16</strong></span> <span class='ocrx_word' id='word_1_15' title='bbox 946 579 1100 645; x_wconf 89' lang='lat' dir='ltr'>insulsum</span> <span class='ocrx_word' id='word_1_16' title='bbox 1123 583 1279 661; x_wconf 77' lang='lat' dir='ltr'>ostendes,</span> 
     </span>
     <span class='ocr_line' id='line_1_3' title="bbox 164 680 1281 767; baseline 0.002 -20"><span class='ocrx_word' id='word_1_17' title='bbox 164 682 214 764; x_wconf 85' lang='lat' dir='ltr'>qui</span> <span class='ocrx_word' id='word_1_18' title='bbox 236 682 317 747; x_wconf 91' lang='grc'><strong>66116</strong></span> <span class='ocrx_word' id='word_1_19' title='bbox 339 682 398 748; x_wconf 93' lang='lat' dir='ltr'><strong>hoc</strong></span> <span class='ocrx_word' id='word_1_20' title='bbox 422 700 490 747; x_wconf 91' lang='lat' dir='ltr'>esse</span> <span class='ocrx_word' id='word_1_21' title='bbox 513 680 597 764; x_wconf 88' lang='lat' dir='ltr'>quod</span> <span class='ocrx_word' id='word_1_22' title='bbox 618 682 679 746; x_wconf 91' lang='grc'><strong>1611</strong></span> <span class='ocrx_word' id='word_1_23' title='bbox 706 681 759 747; x_wconf 89' lang='lat' dir='ltr'>ille</span> <span class='ocrx_word' id='word_1_24' title='bbox 787 682 924 748; x_wconf 86' lang='lat' dir='ltr'>Iudaeus</span> <span class='ocrx_word' id='word_1_25' title='bbox 945 683 1216 767; x_wconf 78' lang='lat' dir='ltr'>pseudopropheta</span> <span class='ocrx_word' id='word_1_26' title='bbox 1250 688 1281 750; x_wconf 92' lang='grc'><strong>61</strong></span> 
     </span>
     <span class='ocr_line' id='line_1_4' title="bbox 161 783 1280 867; baseline 0.004 -20"><span class='ocrx_word' id='word_1_27' title='bbox 161 783 240 849; x_wconf 90' lang='lat' dir='ltr'>nolis</span> <span class='ocrx_word' id='word_1_28' title='bbox 261 784 294 848; x_wconf 89' lang='lat' dir='ltr'><strong>te</strong></span> <span class='ocrx_word' id='word_1_29' title='bbox 316 783 380 848; x_wconf 89' lang='lat' dir='ltr'>illis</span> <span class='ocrx_word' id='word_1_30' title='bbox 402 783 555 848; x_wconf 88' lang='lat' dir='ltr'>nominari</span> <span class='ocrx_word' id='word_1_31' title='bbox 577 784 739 849; x_wconf 89' lang='lat' dir='ltr'>uocabulis</span> <span class='ocrx_word' id='word_1_32' title='bbox 761 785 921 849; x_wconf 84' lang='lat' dir='ltr'><strong>nominum</strong></span> <span class='ocrx_word' id='word_1_33' title='bbox 944 785 1056 867; x_wconf 89' lang='lat' dir='ltr'>quibus</span> <span class='ocrx_word' id='word_1_34' title='bbox 1071 785 1165 851; x_wconf 86' lang='grc'><strong>166611</strong></span> <span class='ocrx_word' id='word_1_35' title='bbox 1181 788 1280 853; x_wconf 91' lang='grc'><strong>611116</strong></span> 
     </span>
     <span class='ocr_line' id='line_1_5' title="bbox 152 885 1280 975; baseline 0.003 -25"><span class='ocrx_word' id='word_1_36' title='bbox 152 886 303 975; x_wconf 25' lang='lat' dir='ltr'>&#39;uocatus</span> <span class='ocrx_word' id='word_1_37' title='bbox 340 886 454 952; x_wconf 89' lang='lat' dir='ltr'>iterum</span> <span class='ocrx_word' id='word_1_38' title='bbox 478 887 510 950; x_wconf 93' lang='lat' dir='ltr'><strong>et</strong></span> <span class='ocrx_word' id='word_1_39' title='bbox 531 885 637 951; x_wconf 89' lang='lat' dir='ltr'>hortor</span> <span class='ocrx_word' id='word_1_40' title='bbox 660 887 693 950; x_wconf 93' lang='lat' dir='ltr'><strong>et</strong></span> <span class='ocrx_word' id='word_1_41' title='bbox 712 886 874 969; x_wconf 90' lang='lat' dir='ltr'>deprecor,</span> <span class='ocrx_word' id='word_1_42' title='bbox 898 887 933 950; x_wconf 92' lang='grc'><strong>61</strong></span> <span class='ocrx_word' id='word_1_43' title='bbox 956 888 988 951; x_wconf 88' lang='grc'><strong>61</strong></span> <span class='ocrx_word' id='word_1_44' title='bbox 1009 906 1136 967; x_wconf 86' lang='lat' dir='ltr'>moneo,</span> <span class='ocrx_word' id='word_1_45' title='bbox 1165 890 1202 954; x_wconf 93' lang='lat' dir='ltr'><strong>ut</strong></span> <span class='ocrx_word' id='word_1_46' title='bbox 1221 890 1280 955; x_wconf 88' lang='lat' dir='ltr'>tibi</span> 
     </span>
     <span class='ocr_line' id='line_1_6' title="bbox 138 988 1280 1073; baseline 0.006 -24"><span class='ocrx_word' id='word_1_47' title='bbox 138 988 241 1055; x_wconf 78' lang='grc'><strong>666116</strong></span> <span class='ocrx_word' id='word_1_48' title='bbox 269 989 448 1068; x_wconf 86' lang='lat' dir='ltr'>consulere,</span> <span class='ocrx_word' id='word_1_49' title='bbox 482 1008 521 1053; x_wconf 92' lang='grc'><strong>66</strong></span> <span class='ocrx_word' id='word_1_50' title='bbox 545 990 673 1053; x_wconf 87' lang='grc'><strong>6616666</strong></span> <span class='ocrx_word' id='word_1_51' title='bbox 693 990 726 1054; x_wconf 91' lang='grc'><strong>16</strong></span> <span class='ocrx_word' id='word_1_52' title='bbox 751 990 886 1072; x_wconf 90' lang='lat' dir='ltr'>accipiat</span> <span class='ocrx_word' id='word_1_53' title='bbox 912 1008 1021 1073; x_wconf 89' lang='lat' dir='ltr'>poena.</span> <span class='ocrx_word' id='word_1_54' title='bbox 1060 991 1087 1054; x_wconf 93' lang='lat' dir='ltr'>si</span> <span class='ocrx_word' id='word_1_55' title='bbox 1116 992 1197 1056; x_wconf 90' lang='lat' dir='ltr'>enim</span> <span class='ocrx_word' id='word_1_56' title='bbox 1225 992 1280 1056; x_wconf 93' lang='grc'><strong>1116</strong></span> 
     </span>
     <span class='ocr_line' id='line_1_7' title="bbox 149 1091 1280 1177; baseline 0.004 -22"><span class='ocrx_word' id='word_1_57' title='bbox 149 1091 205 1155; x_wconf 83' lang='lat' dir='ltr'>:ita</span> <span class='ocrx_word' id='word_1_58' title='bbox 225 1092 536 1174; x_wconf 66' lang='lat' dir='ltr'>meruitencaecari,</span> <span class='ocrx_word' id='word_1_59' title='bbox 566 1093 640 1174; x_wconf 88' lang='lat' dir='ltr'>quia</span> <span class='ocrx_word' id='word_1_60' title='bbox 661 1093 823 1175; x_wconf 87' lang='lat' dir='ltr'>temptarit</span> <span class='ocrx_word' id='word_1_61' title='bbox 844 1093 1002 1172; x_wconf 84' lang='lat' dir='ltr'>resistere,</span> <span class='ocrx_word' id='word_1_62' title='bbox 1032 1093 1176 1176; x_wconf 80' lang='lat' dir='ltr'>conspice</span> <span class='ocrx_word' id='word_1_63' title='bbox 1199 1113 1280 1177; x_wconf 88' lang='lat' dir='ltr'>quae</span> 
     </span>
     <span class='ocr_line' id='line_1_8' title="bbox 155 1193 1279 1279; baseline 0.004 -21"><span class='ocrx_word' id='word_1_64' title='bbox 155 1194 218 1263; x_wconf 73' lang='lat' dir='ltr'>dot</span> <span class='ocrx_word' id='word_1_65' title='bbox 240 1193 426 1273; x_wconf 80' lang='lat' dir='ltr'>homicidae,</span> <span class='ocrx_word' id='word_1_66' title='bbox 450 1213 530 1277; x_wconf 90' lang='lat' dir='ltr'>qnae</span> <span class='ocrx_word' id='word_1_67' title='bbox 554 1195 717 1277; x_wconf 87' lang='lat' dir='ltr'>sacrilego,</span> <span class='ocrx_word' id='word_1_68' title='bbox 742 1195 928 1260; x_wconf 76' lang='lat' dir='ltr'>destructori</span> <span class='ocrx_word' id='word_1_69' title='bbox 952 1196 1002 1260; x_wconf 92' lang='lat' dir='ltr'>dei</span> <span class='ocrx_word' id='word_1_70' title='bbox 1023 1195 1183 1278; x_wconf 82' lang='lat' dir='ltr'>religionis</span> <span class='ocrx_word' id='word_1_71' title='bbox 1204 1216 1279 1279; x_wconf 90' lang='lat' dir='ltr'>pos-</span> 
     </span>
     <span class='ocr_line' id='line_1_9' title="bbox 163 1296 1279 1382; baseline 0.004 -21"><span class='ocrx_word' id='word_1_72' title='bbox 163 1296 225 1361; x_wconf 89' lang='lat' dir='ltr'>sint</span> <span class='ocrx_word' id='word_1_73' title='bbox 239 1297 333 1361; x_wconf 86' lang='lat' dir='ltr'>mala</span> <span class='ocrx_word' id='word_1_74' title='bbox 354 1297 584 1379; x_wconf 86' lang='lat' dir='ltr'>repraesentari</span> <span class='ocrx_word' id='word_1_75' title='bbox 607 1298 639 1362; x_wconf 93' lang='grc'><strong>61</strong></span> <span class='ocrx_word' id='word_1_76' title='bbox 659 1297 691 1370; x_wconf 87' lang='grc'><strong>16</strong></span> <span class='ocrx_word' id='word_1_77' title='bbox 706 1297 764 1361; x_wconf 88' lang='lat' dir='ltr'>hac</span> <span class='ocrx_word' id='word_1_78' title='bbox 780 1298 940 1362; x_wconf 87' lang='grc'><strong>61166116</strong></span> <span class='ocrx_word' id='word_1_79' title='bbox 955 1299 1148 1380; x_wconf 89' lang='lat' dir='ltr'>perpetuum.</span> <span class='ocrx_word' id='word_1_80' title='bbox 1172 1300 1279 1382; x_wconf 82' lang='lat' dir='ltr'>accipe</span> 
     </span>
     <span class='ocr_line' id='line_1_10' title="bbox 163 1397 1280 1483; baseline 0.004 -21"><span class='ocrx_word' id='word_1_81' title='bbox 163 1397 265 1463; x_wconf 89' lang='lat' dir='ltr'>adhuc</span> <span class='ocrx_word' id='word_1_82' title='bbox 297 1417 334 1463; x_wconf 97' lang='grc'><strong>66</strong></span> <span class='ocrx_word' id='word_1_83' title='bbox 362 1418 442 1482; x_wconf 89' lang='lat' dir='ltr'>quac</span> <span class='ocrx_word' id='word_1_84' title='bbox 469 1401 502 1464; x_wconf 90' lang='grc'><strong>16</strong></span> <span class='ocrx_word' id='word_1_85' title='bbox 530 1399 665 1474; x_wconf 86' lang='lat' dir='ltr'>formare</span> <span class='ocrx_word' id='word_1_86' title='bbox 693 1400 824 1483; x_wconf 88' lang='lat' dir='ltr'>possunt</span> <span class='ocrx_word' id='word_1_87' title='bbox 853 1419 912 1464; x_wconf 92' lang='lat' dir='ltr'><strong>non</strong></span> <span class='ocrx_word' id='word_1_88' title='bbox 944 1418 1013 1465; x_wconf 90' lang='grc'><strong>6666</strong></span> <span class='ocrx_word' id='word_1_89' title='bbox 1038 1402 1280 1467; x_wconf 86' lang='lat' dir='ltr'>contumeliosos</span> 
     </span>
     <span class='ocr_line' id='line_1_11' title="bbox 124 1501 1281 1585; baseline 0.005 -20"><span class='ocrx_word' id='word_1_90' title='bbox 124 1520 148 1559; x_wconf 87' lang='lat'><strong>1⁰</strong></span> <span class='ocrx_word' id='word_1_91' title='bbox 159 1519 232 1580; x_wconf 91' lang='grc'><strong>666,</strong></span> <span class='ocrx_word' id='word_1_92' title='bbox 262 1501 320 1567; x_wconf 87' lang='lat' dir='ltr'><strong>sed</strong></span> <span class='ocrx_word' id='word_1_93' title='bbox 347 1521 487 1567; x_wconf 87' lang='grc'><strong>6666666.</strong></span> <span class='ocrx_word' id='word_1_94' title='bbox 525 1503 679 1568; x_wconf 73' lang='lat' dir='ltr'>Antiocho</span> <span class='ocrx_word' id='word_1_95' title='bbox 710 1504 831 1585; x_wconf 90' lang='lat' dir='ltr'>septem</span> <span class='ocrx_word' id='word_1_96' title='bbox 860 1503 908 1566; x_wconf 89' lang='lat' dir='ltr'>illi</span> <span class='ocrx_word' id='word_1_97' title='bbox 930 1503 1146 1584; x_wconf 81' lang='lat' dir='ltr'>gloriosissimi</span> <span class='ocrx_word' id='word_1_98' title='bbox 1167 1505 1281 1571; x_wconf 81' lang='lat' dir='ltr'>iratres</span> 
     </span>
     <span class='ocr_line' id='line_1_12' title="bbox 160 1604 1280 1691; baseline 0.004 -23"><span class='ocrx_word' id='word_1_99' title='bbox 160 1604 354 1685; x_wconf 88' lang='lat' dir='ltr'>rest&#39;terunt,</span> <span class='ocrx_word' id='word_1_100' title='bbox 383 1624 493 1688; x_wconf 92' lang='lat' dir='ltr'>nempe</span> <span class='ocrx_word' id='word_1_101' title='bbox 517 1607 552 1670; x_wconf 93' lang='grc'><strong>61</strong></span> <span class='ocrx_word' id='word_1_102' title='bbox 574 1624 654 1671; x_wconf 87' lang='grc'><strong>6666</strong></span> <span class='ocrx_word' id='word_1_103' title='bbox 677 1606 735 1670; x_wconf 87' lang='lat' dir='ltr'>tibi</span> <span class='ocrx_word' id='word_1_104' title='bbox 756 1625 813 1671; x_wconf 93' lang='grc'><strong>666</strong></span> <span class='ocrx_word' id='word_1_105' title='bbox 835 1605 1018 1670; x_wconf 72' lang='lat' dir='ltr'>restitimus.</span> <span class='ocrx_word' id='word_1_106' title='bbox 1056 1607 1162 1691; x_wconf 81' lang='lat' dir='ltr'>legisti</span> <span class='ocrx_word' id='word_1_107' title='bbox 1185 1628 1280 1691; x_wconf 89' lang='lat' dir='ltr'>quar-</span> 
     </span>
     <span class='ocr_line' id='line_1_13' title="bbox 159 1706 1281 1791; baseline 0.004 -22"><span class='ocrx_word' id='word_1_108' title='bbox 159 1707 211 1770; x_wconf 91' lang='lat' dir='ltr'><strong>tus</strong></span> <span class='ocrx_word' id='word_1_109' title='bbox 236 1706 312 1790; x_wconf 90' lang='lat' dir='ltr'>quid</span> <span class='ocrx_word' id='word_1_110' title='bbox 333 1706 529 1789; x_wconf 88' lang='lat' dir='ltr'>responderit</span> <span class='ocrx_word' id='word_1_111' title='bbox 552 1707 769 1790; x_wconf 85' lang='lat' dir='ltr'>conpestllenti</span> <span class='ocrx_word' id='word_1_112' title='bbox 791 1708 855 1785; x_wconf 89' lang='lat' dir='ltr'>tuo,</span> <span class='ocrx_word' id='word_1_113' title='bbox 880 1708 933 1791; x_wconf 91' lang='lat' dir='ltr'>qui</span> <span class='ocrx_word' id='word_1_114' title='bbox 955 1728 1005 1772; x_wconf 92' lang='lat' dir='ltr'><strong>me</strong></span> <span class='ocrx_word' id='word_1_115' title='bbox 1021 1710 1281 1776; x_wconf 85' lang='lat' dir='ltr'>contumeliosum</span> 
     </span>
     <span class='ocr_line' id='line_1_14' title="bbox 162 1809 1281 1895; baseline 0.004 -22"><span class='ocrx_word' id='word_1_116' title='bbox 162 1809 301 1893; x_wconf 87' lang='lat' dir='ltr'>dignaris</span> <span class='ocrx_word' id='word_1_117' title='bbox 324 1810 498 1890; x_wconf 88' lang='lat' dir='ltr'>clamitare,</span> <span class='ocrx_word' id='word_1_118' title='bbox 523 1812 596 1895; x_wconf 90' lang='lat' dir='ltr'>quia</span> <span class='ocrx_word' id='word_1_119' title='bbox 619 1811 722 1877; x_wconf 90' lang='lat' dir='ltr'>dicam</span> <span class='ocrx_word' id='word_1_120' title='bbox 744 1812 801 1876; x_wconf 91' lang='lat' dir='ltr'>tibi</span> <span class='ocrx_word' id='word_1_121' title='bbox 825 1812 908 1893; x_wconf 93' lang='lat' dir='ltr'>quod</span> <span class='ocrx_word' id='word_1_122' title='bbox 925 1812 985 1876; x_wconf 93' lang='lat' dir='ltr'>nisi</span> <span class='ocrx_word' id='word_1_123' title='bbox 1001 1831 1170 1877; x_wconf 86' lang='lat' dir='ltr'>conuersus</span> <span class='ocrx_word' id='word_1_124' title='bbox 1184 1814 1281 1878; x_wconf 89' lang='grc'><strong>166616</strong></span> 
     </span>
     <span class='ocr_line' id='line_1_15' title="bbox 161 1911 1281 1997; baseline 0.004 -22"><span class='ocrx_word' id='word_1_125' title='bbox 161 1911 335 1992; x_wconf 88' lang='lat' dir='ltr'>addeum,</span> <span class='ocrx_word' id='word_1_126' title='bbox 369 1914 401 1977; x_wconf 91' lang='grc'><strong>16</strong></span> <span class='ocrx_word' id='word_1_127' title='bbox 425 1913 585 1978; x_wconf 89' lang='lat' dir='ltr'>aeternum</span> <span class='ocrx_word' id='word_1_128' title='bbox 609 1913 651 1979; x_wconf 88' lang='grc'><strong>616</strong></span> <span class='ocrx_word' id='word_1_129' title='bbox 673 1913 872 1989; x_wconf 66' lang='lat' dir='ltr'>interiturum</span> <span class='ocrx_word' id='word_1_130' title='bbox 906 1933 1017 1997; x_wconf 89' lang='lat' dir='ltr'>nempe</span> <span class='ocrx_word' id='word_1_131' title='bbox 1047 1914 1140 1978; x_wconf 90' lang='lat' dir='ltr'>dicit:</span> <span class='ocrx_word' id='word_1_132' title='bbox 1171 1918 1281 1995; x_wconf 78' lang='lat' dir='ltr'>potios</span> 
     </span>
     <span class='ocr_line' id='line_1_16' title="bbox 125 2015 1280 2100; baseline 0.006 -26"><span class='ocrx_word' id='word_1_133' title='bbox 125 2017 271 2080; x_wconf 83' lang='grc'><strong>666161</strong></span> <span class='ocrx_word' id='word_1_134' title='bbox 300 2015 481 2081; x_wconf 78' lang='lat' dir='ltr'>hominebus</span> <span class='ocrx_word' id='word_1_135' title='bbox 510 2019 604 2081; x_wconf 80' lang='lat' dir='ltr'>morti</span> <span class='ocrx_word' id='word_1_136' title='bbox 632 2018 721 2081; x_wconf 83' lang='lat' dir='ltr'>dotes</span> <span class='ocrx_word' id='word_1_137' title='bbox 748 2037 834 2100; x_wconf 80' lang='lat' dir='ltr'>spem</span> <span class='ocrx_word' id='word_1_138' title='bbox 863 2023 1023 2099; x_wconf 73' lang='lat' dir='ltr'>expectare</span> <span class='ocrx_word' id='word_1_139' title='bbox 1045 2038 1066 2082; x_wconf 87' lang='grc'><strong>6</strong></span> <span class='ocrx_word' id='word_1_140' title='bbox 1088 2018 1143 2082; x_wconf 81' lang='lat' dir='ltr'><strong>deo</strong></span> <span class='ocrx_word' id='word_1_141' title='bbox 1166 2019 1280 2082; x_wconf 78' lang='grc'><strong>1166666</strong></span> 
     </span>
     <span class='ocr_line' id='line_1_17' title="bbox 161 2117 1280 2201; baseline 0.002 -19"><span class='ocrx_word' id='word_1_142' title='bbox 161 2117 200 2182; x_wconf 85' lang='lat' dir='ltr'>ab</span> <span class='ocrx_word' id='word_1_143' title='bbox 223 2119 294 2201; x_wconf 77' lang='lat' dir='ltr'>ipso</span> <span class='ocrx_word' id='word_1_144' title='bbox 317 2119 912 2200; x_wconf 68' lang='grc'><strong>6666611661,1111661666666666116</strong></span> <span class='ocrx_word' id='word_1_145' title='bbox 935 2121 978 2186; x_wconf 86' lang='lat' dir='ltr'><strong>ccl</strong></span> <span class='ocrx_word' id='word_1_146' title='bbox 999 2121 1101 2185; x_wconf 82' lang='grc'><strong>611661</strong></span> <span class='ocrx_word' id='word_1_147' title='bbox 1122 2140 1188 2185; x_wconf 83' lang='grc'><strong>666</strong></span> <span class='ocrx_word' id='word_1_148' title='bbox 1210 2121 1280 2184; x_wconf 76' lang='lat' dir='ltr'>erit.</span> 
     </span>
     <span class='ocr_line' id='line_1_18' title="bbox 161 2219 1279 2307; baseline 0.001 -22"><span class='ocrx_word' id='word_1_149' title='bbox 161 2219 188 2286; x_wconf 88' lang='grc'><strong>61</strong></span> <span class='ocrx_word' id='word_1_150' title='bbox 211 2240 230 2285; x_wconf 91' lang='grc'><strong>6</strong></span> <span class='ocrx_word' id='word_1_151' title='bbox 252 2221 341 2287; x_wconf 87' lang='lat' dir='ltr'>nobis</span> <span class='ocrx_word' id='word_1_152' title='bbox 363 2222 398 2286; x_wconf 93' lang='lat' dir='ltr'><strong>tu</strong></span> <span class='ocrx_word' id='word_1_153' title='bbox 419 2223 569 2307; x_wconf 73' lang='lat' dir='ltr'>tyrannus</span> <span class='ocrx_word' id='word_1_154' title='bbox 592 2223 682 2288; x_wconf 87' lang='lat' dir='ltr'>audis</span> <span class='ocrx_word' id='word_1_155' title='bbox 705 2222 788 2306; x_wconf 87' lang='lat' dir='ltr'>quod</span> <span class='ocrx_word' id='word_1_156' title='bbox 811 2223 853 2288; x_wconf 90' lang='lat' dir='ltr'>ad</span> <span class='ocrx_word' id='word_1_157' title='bbox 874 2223 973 2288; x_wconf 91' lang='lat' dir='ltr'>uitam</span> <span class='ocrx_word' id='word_1_158' title='bbox 1002 2224 1045 2288; x_wconf 90' lang='grc'><strong>616</strong></span> <span class='ocrx_word' id='word_1_159' title='bbox 1072 2221 1279 2288; x_wconf 87' lang='lat' dir='ltr'>resurrectio·</span> 
     </span>
     <span class='ocr_line' id='line_1_19' title="bbox 160 2324 1281 2408; baseline 0 -20"><span class='ocrx_word' id='word_1_160' title='bbox 160 2342 233 2388; x_wconf 87' lang='lat' dir='ltr'><strong>nem</strong></span> <span class='ocrx_word' id='word_1_161' title='bbox 255 2343 315 2389; x_wconf 93' lang='lat' dir='ltr'><strong>non</strong></span> <span class='ocrx_word' id='word_1_162' title='bbox 339 2326 540 2407; x_wconf 85' lang='lat' dir='ltr'>accepturus,</span> <span class='ocrx_word' id='word_1_163' title='bbox 572 2326 651 2391; x_wconf 88' lang='lat' dir='ltr'>siin</span> <span class='ocrx_word' id='word_1_164' title='bbox 674 2327 733 2390; x_wconf 89' lang='lat' dir='ltr'>hac</span> <span class='ocrx_word' id='word_1_165' title='bbox 756 2326 1166 2405; x_wconf 81' lang='grc'><strong>1666616111616666666616,</strong></span> <span class='ocrx_word' id='word_1_166' title='bbox 1198 2324 1281 2408; x_wconf 88' lang='lat' dir='ltr'>quod</span> 
     </span>
     <span class='ocr_line' id='line_1_20' title="bbox 160 2426 1279 2511; baseline 0.001 -21"><span class='ocrx_word' id='word_1_167' title='bbox 160 2445 221 2491; x_wconf 92' lang='lat' dir='ltr'><strong>non</strong></span> <span class='ocrx_word' id='word_1_168' title='bbox 244 2426 286 2491; x_wconf 89' lang='lat' dir='ltr'>ad</span> <span class='ocrx_word' id='word_1_169' title='bbox 306 2429 461 2510; x_wconf 81' lang='lat' dir='ltr'>requiem,</span> <span class='ocrx_word' id='word_1_170' title='bbox 495 2428 554 2493; x_wconf 87' lang='lat' dir='ltr'><strong>sed</strong></span> <span class='ocrx_word' id='word_1_171' title='bbox 576 2430 616 2493; x_wconf 94' lang='lat' dir='ltr'>ad</span> <span class='ocrx_word' id='word_1_172' title='bbox 637 2448 770 2511; x_wconf 89' lang='lat' dir='ltr'>poenam</span> <span class='ocrx_word' id='word_1_173' title='bbox 793 2429 836 2495; x_wconf 88' lang='grc'><strong>616</strong></span> <span class='ocrx_word' id='word_1_174' title='bbox 857 2429 1090 2495; x_wconf 78' lang='lat' dir='ltr'>resurrecturus</span> <span class='ocrx_word' id='word_1_175' title='bbox 1113 2429 1279 2510; x_wconf 89' lang='lat' dir='ltr'>sempiter-</span> 
     </span>
     <span class='ocr_line' id='line_1_21' title="bbox 126 2531 1281 2619; baseline 0.003 -25"><span class='ocrx_word' id='word_1_176' title='bbox 126 2541 251 2608; x_wconf 77' lang='lat' dir='ltr'>20nam,</span> <span class='ocrx_word' id='word_1_177' title='bbox 288 2550 367 2613; x_wconf 87' lang='lat' dir='ltr'>quac</span> <span class='ocrx_word' id='word_1_178' title='bbox 401 2532 591 2597; x_wconf 89' lang='lat' dir='ltr'>contumelia</span> <span class='ocrx_word' id='word_1_179' title='bbox 624 2533 692 2597; x_wconf 78' lang='lat' dir='ltr'>est?</span> <span class='ocrx_word' id='word_1_180' title='bbox 730 2533 856 2617; x_wconf 89' lang='lat' dir='ltr'>quintus</span> <span class='ocrx_word' id='word_1_181' title='bbox 881 2550 1008 2616; x_wconf 51' lang='lat' dir='ltr'><strong>¹quoque</strong></span> <span class='ocrx_word' id='word_1_182' title='bbox 1038 2550 1109 2596; x_wconf 90' lang='lat' dir='ltr'><strong>cum</strong></span> <span class='ocrx_word' id='word_1_183' title='bbox 1136 2531 1281 2619; x_wconf 86' lang='lat' dir='ltr'>admotus</span> 
     </span>
     <span class='ocr_line' id='line_1_22' title="bbox 160 2634 1281 2719; baseline 0.002 -21"><span class='ocrx_word' id='word_1_184' title='bbox 160 2634 273 2699; x_wconf 88' lang='grc'><strong>1616661</strong></span> <span class='ocrx_word' id='word_1_185' title='bbox 295 2635 327 2698; x_wconf 92' lang='grc'><strong>61</strong></span> <span class='ocrx_word' id='word_1_186' title='bbox 349 2635 491 2714; x_wconf 81' lang='lat' dir='ltr'>uenatus,</span> <span class='ocrx_word' id='word_1_187' title='bbox 517 2635 631 2700; x_wconf 76' lang='grc'><strong>(1161666</strong></span> <span class='ocrx_word' id='word_1_188' title='bbox 653 2635 791 2719; x_wconf 90' lang='lat' dir='ltr'>loquitur</span> <span class='ocrx_word' id='word_1_189' title='bbox 814 2636 968 2717; x_wconf 86' lang='lat' dir='ltr'>scriptura</span> <span class='ocrx_word' id='word_1_190' title='bbox 990 2634 1075 2717; x_wconf 90' lang='lat' dir='ltr'>regi:</span> <span class='ocrx_word' id='word_1_191' title='bbox 1097 2640 1281 2716; x_wconf 80' lang='lat' dir='ltr'>potestatem</span> 
     </span>
     <span class='ocr_line' id='line_1_23' title="bbox 162 2738 1281 2821; baseline 0.001 -19"><span class='ocrx_word' id='word_1_192' title='bbox 162 2740 246 2804; x_wconf 76' lang='grc'><strong>16166</strong></span> <span class='ocrx_word' id='word_1_193' title='bbox 274 2738 415 2804; x_wconf 80' lang='grc'><strong>1166116666</strong></span> <span class='ocrx_word' id='word_1_194' title='bbox 436 2740 539 2819; x_wconf 82' lang='lat' dir='ltr'>babae,</span> <span class='ocrx_word' id='word_1_195' title='bbox 571 2760 641 2805; x_wconf 78' lang='grc'><strong>6661</strong></span> <span class='ocrx_word' id='word_1_196' title='bbox 671 2740 716 2804; x_wconf 87' lang='grc'><strong>616</strong></span> <span class='ocrx_word' id='word_1_197' title='bbox 737 2739 966 2819; x_wconf 79' lang='lat' dir='ltr'>corruptibilis,</span> <span class='ocrx_word' id='word_1_198' title='bbox 998 2739 1083 2820; x_wconf 78' lang='lat' dir='ltr'>facie</span> <span class='ocrx_word' id='word_1_199' title='bbox 1105 2739 1188 2819; x_wconf 80' lang='lat' dir='ltr'>qaod</span> <span class='ocrx_word' id='word_1_200' title='bbox 1209 2740 1281 2821; x_wconf 80' lang='lat' dir='ltr'>cis,·</span> 
     </span>
     <span class='ocr_line' id='line_1_24' title="bbox 160 2840 1276 2928; baseline -0.004 -19"><span class='ocrx_word' id='word_1_201' title='bbox 160 2845 229 2912; x_wconf 84' lang='grc'><strong>6611</strong></span> <span class='ocrx_word' id='word_1_202' title='bbox 252 2849 355 2910; x_wconf 81' lang='lat' dir='ltr'>cotem</span> <span class='ocrx_word' id='word_1_203' title='bbox 373 2850 491 2928; x_wconf 81' lang='lat' dir='ltr'>putare</span> <span class='ocrx_word' id='word_1_204' title='bbox 511 2862 610 2928; x_wconf 76' lang='lat' dir='ltr'>pereas</span> <span class='ocrx_word' id='word_1_205' title='bbox 632 2847 775 2908; x_wconf 75' lang='grc'><strong>66616666</strong></span> <span class='ocrx_word' id='word_1_206' title='bbox 798 2863 819 2906; x_wconf 92' lang='grc'><strong>6</strong></span> <span class='ocrx_word' id='word_1_207' title='bbox 840 2843 894 2907; x_wconf 84' lang='lat' dir='ltr'><strong>deo</strong></span> <span class='ocrx_word' id='word_1_208' title='bbox 914 2840 1194 2906; x_wconf 79' lang='grc'><strong>6666616661161661.</strong></span> <span class='ocrx_word' id='word_1_209' title='bbox 1211 2863 1276 2923; x_wconf 81' lang='lat' dir='ltr'><strong>po-</strong></span> 
     </span>
     <span class='ocr_line' id='line_1_25' title="bbox 161 2943 1280 3029; baseline -0.005 -15"><span class='ocrx_word' id='word_1_210' title='bbox 161 2952 274 3016; x_wconf 79' lang='grc'><strong>11666166</strong></span> <span class='ocrx_word' id='word_1_211' title='bbox 296 2951 465 3016; x_wconf 77' lang='grc'><strong>6661161661</strong></span> <span class='ocrx_word' id='word_1_212' title='bbox 491 2949 581 3026; x_wconf 80' lang='lat' dir='ltr'>cide,</span> <span class='ocrx_word' id='word_1_213' title='bbox 614 2966 734 3029; x_wconf 75' lang='grc'><strong>666966</strong></span> <span class='ocrx_word' id='word_1_214' title='bbox 757 2943 1014 3029; x_wconf 63' lang='lat' dir='ltr'>potestatibus</span> <span class='ocrx_word' id='word_1_215' title='bbox 1043 2945 1180 3025; x_wconf 77' lang='lat' dir='ltr'>qualiter</span> <span class='ocrx_word' id='word_1_216' title='bbox 1202 2949 1230 3010; x_wconf 85' lang='grc'><strong>16</strong></span> <span class='ocrx_word' id='word_1_217' title='bbox 1252 2949 1280 3008; x_wconf 85' lang='grc'><strong>61</strong></span> 
     </span>
     <span class='ocr_line' id='line_1_26' title="bbox 125 3046 1282 3135; baseline -0.007 -15"><span class='ocrx_word' id='word_1_218' title='bbox 125 3072 266 3120; x_wconf 67' lang='lat' dir='ltr'>asemon</span> <span class='ocrx_word' id='word_1_219' title='bbox 288 3060 378 3119; x_wconf 79' lang='grc'><strong>16666</strong></span> <span class='ocrx_word' id='word_1_220' title='bbox 400 3052 560 3135; x_wconf 74' lang='lat' dir='ltr'>torquebit.</span> <span class='ocrx_word' id='word_1_221' title='bbox 595 3050 670 3133; x_wconf 88' lang='lat' dir='ltr'>quid</span> <span class='ocrx_word' id='word_1_222' title='bbox 691 3048 749 3114; x_wconf 86' lang='lat' dir='ltr'>tibi</span> <span class='ocrx_word' id='word_1_223' title='bbox 772 3048 907 3127; x_wconf 87' lang='lat' dir='ltr'>uidetur,</span> <span class='ocrx_word' id='word_1_224' title='bbox 931 3046 1005 3129; x_wconf 88' lang='lat' dir='ltr'>quia</span> <span class='ocrx_word' id='word_1_225' title='bbox 1025 3046 1084 3111; x_wconf 89' lang='lat' dir='ltr'>tali</span> <span class='ocrx_word' id='word_1_226' title='bbox 1106 3047 1282 3113; x_wconf 87' lang='grc'><strong>6666166116</strong></span> 
     </span>
     <span class='ocr_line' id='line_1_27' title="bbox 163 3151 1279 3240; baseline -0.006 -19"><span class='ocrx_word' id='word_1_227' title='bbox 163 3154 630 3223; x_wconf 83' lang='grc'><strong>16166666616666166166611</strong></span> <span class='ocrx_word' id='word_1_228' title='bbox 656 3153 688 3217; x_wconf 93' lang='lat' dir='ltr'>in</span> <span class='ocrx_word' id='word_1_229' title='bbox 715 3153 937 3236; x_wconf 76' lang='lat' dir='ltr'>contyrannum</span> <span class='ocrx_word' id='word_1_230' title='bbox 965 3152 1078 3214; x_wconf 79' lang='lat' dir='ltr'>tuum?</span> <span class='ocrx_word' id='word_1_231' title='bbox 1110 3151 1279 3240; x_wconf 87' lang='lat' dir='ltr'>numquid-</span> 
     </span>
     <span class='ocr_line' id='line_1_28' title="bbox 161 3253 1281 3326; baseline -0.008 0"><span class='ocrx_word' id='word_1_232' title='bbox 161 3280 235 3326; x_wconf 87' lang='lat' dir='ltr'><strong>nam</strong></span> <span class='ocrx_word' id='word_1_233' title='bbox 264 3260 449 3324; x_wconf 87' lang='lat' dir='ltr'>iniuriosnm</span> <span class='ocrx_word' id='word_1_234' title='bbox 473 3257 570 3322; x_wconf 87' lang='grc'><strong>161666</strong></span> <span class='ocrx_word' id='word_1_235' title='bbox 593 3255 745 3321; x_wconf 89' lang='lat' dir='ltr'>cultorem</span> <span class='ocrx_word' id='word_1_236' title='bbox 768 3254 819 3318; x_wconf 90' lang='lat' dir='ltr'>dei</span> <span class='ocrx_word' id='word_1_237' title='bbox 843 3253 959 3325; x_wconf 81' lang='lat' dir='ltr'>diaboli</span> <span class='ocrx_word' id='word_1_238' title='bbox 980 3253 1136 3318; x_wconf 88' lang='lat' dir='ltr'>iudicabis</span> <span class='ocrx_word' id='word_1_239' title='bbox 1159 3254 1281 3318; x_wconf 78' lang='lat' dir='ltr'>cultor?</span> 
     </span>
     <span class='ocr_line' id='line_1_29' title="bbox 160 3356 1279 3443; baseline -0.007 -15"><span class='ocrx_word' id='word_1_240' title='bbox 160 3363 252 3428; x_wconf 91' lang='lat' dir='ltr'>illum</span> <span class='ocrx_word' id='word_1_241' title='bbox 275 3383 351 3428; x_wconf 89' lang='lat' dir='ltr'>uera</span> <span class='ocrx_word' id='word_1_242' title='bbox 375 3362 531 3426; x_wconf 87' lang='lat' dir='ltr'>dicentem</span> <span class='ocrx_word' id='word_1_243' title='bbox 553 3359 682 3443; x_wconf 87' lang='lat' dir='ltr'>negabis</span> <span class='ocrx_word' id='word_1_244' title='bbox 705 3359 882 3440; x_wconf 82' lang='lat' dir='ltr'>superbum,</span> <span class='ocrx_word' id='word_1_245' title='bbox 909 3377 967 3422; x_wconf 89' lang='grc'><strong>666</strong></span> <span class='ocrx_word' id='word_1_246' title='bbox 991 3377 1046 3423; x_wconf 90' lang='lat' dir='ltr'><strong>me</strong></span> <span class='ocrx_word' id='word_1_247' title='bbox 1076 3357 1172 3422; x_wconf 89' lang='lat' dir='ltr'>debes</span> <span class='ocrx_word' id='word_1_248' title='bbox 1194 3356 1279 3421; x_wconf 91' lang='lat' dir='ltr'>iudi-</span> 
     </span>
     <span class='ocr_line' id='line_1_30' title="bbox 161 3458 1278 3546; baseline -0.01 -13"><span class='ocrx_word' id='word_1_249' title='bbox 161 3486 236 3533; x_wconf 87' lang='lat' dir='ltr'>care</span> <span class='ocrx_word' id='word_1_250' title='bbox 263 3466 464 3544; x_wconf 85' lang='lat' dir='ltr'>insolentem,</span> <span class='ocrx_word' id='word_1_251' title='bbox 495 3464 574 3546; x_wconf 78' lang='lat' dir='ltr'>quia</span> <span class='ocrx_word' id='word_1_252' title='bbox 601 3464 705 3527; x_wconf 90' lang='lat' dir='ltr'>dicam</span> <span class='ocrx_word' id='word_1_253' title='bbox 730 3462 788 3527; x_wconf 86' lang='lat' dir='ltr'>tibi</span> <span class='ocrx_word' id='word_1_254' title='bbox 810 3481 870 3526; x_wconf 94' lang='lat' dir='ltr'><strong>non</strong></span> <span class='ocrx_word' id='word_1_255' title='bbox 894 3460 1066 3542; x_wconf 88' lang='lat' dir='ltr'>derohnqui</span> <span class='ocrx_word' id='word_1_256' title='bbox 1088 3478 1144 3524; x_wconf 91' lang='grc'><strong>666</strong></span> <span class='ocrx_word' id='word_1_257' title='bbox 1168 3478 1186 3522; x_wconf 90' lang='grc'><strong>6</strong></span> <span class='ocrx_word' id='word_1_258' title='bbox 1209 3458 1278 3536; x_wconf 92' lang='lat' dir='ltr'>deo,</span> 
     </span>
    </p>
   </div>
   <div class='ocr_carea' id='block_1_3' title="bbox 123 3562 1281 3755">
    <p class='ocr_par' dir='ltr' id='par_1_3' title="bbox 123 3562 1281 3755">
     <span class='ocr_line' id='line_1_31' title="bbox 123 3562 1278 3654; baseline -0.008 -20"><span class='ocrx_word' id='word_1_259' title='bbox 123 3594 148 3634; x_wconf 85' lang='lat' dir='ltr'><strong>eo</strong></span> <span class='ocrx_word' id='word_1_260' title='bbox 160 3571 288 3654; x_wconf 83' lang='lat' dir='ltr'>propter</span> <span class='ocrx_word' id='word_1_261' title='bbox 309 3588 404 3652; x_wconf 86' lang='lat' dir='ltr'>quem</span> <span class='ocrx_word' id='word_1_262' title='bbox 426 3570 504 3632; x_wconf 90' lang='lat' dir='ltr'>haec</span> <span class='ocrx_word' id='word_1_263' title='bbox 529 3566 710 3644; x_wconf 84' lang='grc'><strong>6661166666,</strong></span> <span class='ocrx_word' id='word_1_264' title='bbox 732 3565 899 3643; x_wconf 87' lang='grc'><strong>16666166,</strong></span> <span class='ocrx_word' id='word_1_265' title='bbox 923 3563 1092 3632; x_wconf 85' lang='grc'><strong>6161166616</strong></span> <span class='ocrx_word' id='word_1_266' title='bbox 1108 3562 1278 3639; x_wconf 80' lang='lat' dir='ltr'>correctae,</span> 
     </span>
     <span class='ocr_line' id='line_1_32' title="bbox 162 3664 1281 3755; baseline -0.012 -15"><span class='ocrx_word' id='word_1_267' title='bbox 162 3694 234 3739; x_wconf 91' lang='lat' dir='ltr'><strong>cum</strong></span> <span class='ocrx_word' id='word_1_268' title='bbox 257 3672 450 3755; x_wconf 88' lang='lat' dir='ltr'>corruptibili</span> <span class='ocrx_word' id='word_1_269' title='bbox 472 3671 573 3754; x_wconf 89' lang='lat' dir='ltr'>gloria</span> <span class='ocrx_word' id='word_1_270' title='bbox 593 3671 649 3734; x_wconf 90' lang='grc'><strong>166</strong></span> <span class='ocrx_word' id='word_1_271' title='bbox 672 3669 712 3737; x_wconf 89' lang='lat' dir='ltr'>ad</span> <span class='ocrx_word' id='word_1_272' title='bbox 734 3669 866 3735; x_wconf 88' lang='lat' dir='ltr'>nihilum</span> <span class='ocrx_word' id='word_1_273' title='bbox 887 3668 1063 3733; x_wconf 89' lang='lat' dir='ltr'>uenturum.</span> <span class='ocrx_word' id='word_1_274' title='bbox 1088 3664 1163 3747; x_wconf 90' lang='lat' dir='ltr'>quid</span> <span class='ocrx_word' id='word_1_275' title='bbox 1186 3664 1281 3728; x_wconf 89' lang='lat' dir='ltr'>etiam</span> 
     </span>
    </p>
   </div>
   <div class='ocr_carea' id='block_1_4' title="bbox 265 3872 792 3944">
    <p class='ocr_par' dir='ltr' id='par_1_4' title="bbox 265 3872 792 3944">
     <span class='ocr_line' id='line_1_33' title="bbox 265 3872 792 3944; baseline -0.009 -13"><span class='ocrx_word' id='word_1_276' title='bbox 265 3877 340 3931; x_wconf 81' lang='lat'>1411</span> <span class='ocrx_word' id='word_1_277' title='bbox 357 3875 539 3944; x_wconf 71' lang='grc'><strong>6666661</strong></span> <span class='ocrx_word' id='word_1_278' title='bbox 607 3873 638 3927; x_wconf 84' lang='lat'><strong>21</strong></span> <span class='ocrx_word' id='word_1_279' title='bbox 658 3872 691 3928; x_wconf 82' lang='lat' dir='ltr'><strong>ro.</strong></span> <span class='ocrx_word' id='word_1_280' title='bbox 714 3874 739 3936; x_wconf 83' lang='lat'><strong>7,</strong></span> <span class='ocrx_word' id='word_1_281' title='bbox 759 3873 792 3926; x_wconf 87' lang='lat' dir='ltr'><strong>rc</strong></span> 
     </span>
    </p>
   </div>
   <div class='ocr_carea' id='block_1_5' title="bbox 161 4042 1364 4385">
    <p class='ocr_par' dir='ltr' id='par_1_5' title="bbox 161 4042 1364 4385">
     <span class='ocr_line' id='line_1_34' title="bbox 214 4042 1213 4114; baseline -0.011 -8"><span class='ocrx_word' id='word_1_282' title='bbox 214 4049 371 4106; x_wconf 86' lang='lat' dir='ltr'>lostendio</span> <span class='ocrx_word' id='word_1_283' title='bbox 435 4048 622 4102; x_wconf 73' lang='lat' dir='ltr'>idestructore</span> <span class='ocrx_word' id='word_1_284' title='bbox 690 4046 831 4114; x_wconf 70' lang='grc'><strong>86661666*</strong></span> <span class='ocrx_word' id='word_1_285' title='bbox 841 4049 878 4114; x_wconf 84' lang='lat' dir='ltr'><strong>(re</strong></span> <span class='ocrx_word' id='word_1_286' title='bbox 888 4045 970 4111; x_wconf 85' lang='lat' dir='ltr'>erae.)</span> <span class='ocrx_word' id='word_1_287' title='bbox 1042 4044 1074 4096; x_wconf 83' lang='lat'><strong>15</strong></span> <span class='ocrx_word' id='word_1_288' title='bbox 1084 4042 1213 4097; x_wconf 88' lang='lat' dir='ltr'>ominibus</span> 
     </span>
     <span class='ocr_line' id='line_1_35' title="bbox 163 4127 1282 4195; baseline -0.012 -2"><span class='ocrx_word' id='word_1_289' title='bbox 163 4139 315 4194; x_wconf 71' lang='lat' dir='ltr'>lusione</span> <span class='ocrx_word' id='word_1_290' title='bbox 401 4135 433 4189; x_wconf 88' lang='grc'><strong>19</strong></span> <span class='ocrx_word' id='word_1_291' title='bbox 450 4135 711 4188; x_wconf 84' lang='lat' dir='ltr'>resurreesurecturus</span> <span class='ocrx_word' id='word_1_292' title='bbox 728 4137 796 4187; x_wconf 85' lang='lat' dir='ltr'><strong>m.1</strong></span> <span class='ocrx_word' id='word_1_293' title='bbox 882 4131 915 4184; x_wconf 79' lang='grc'><strong>22</strong></span> <span class='ocrx_word' id='word_1_294' title='bbox 937 4129 1037 4185; x_wconf 85' lang='lat' dir='ltr'>hebens</span> <span class='ocrx_word' id='word_1_295' title='bbox 1054 4129 1120 4195; x_wconf 75' lang='lat' dir='ltr'>fort.</span> <span class='ocrx_word' id='word_1_296' title='bbox 1180 4127 1240 4180; x_wconf 81' lang='grc'><strong>’28</strong></span> <span class='ocrx_word' id='word_1_297' title='bbox 1259 4129 1282 4180; x_wconf 90' lang='grc'><strong>61</strong></span> 
     </span>
     <span class='ocr_line' id='line_1_36' title="bbox 161 4209 1364 4293; baseline -0.015 -10"><span class='ocrx_word' id='word_1_298' title='bbox 161 4227 318 4293; x_wconf 69' lang='grc'><strong>1116661661.</strong></span> <span class='ocrx_word' id='word_1_299' title='bbox 396 4239 429 4277; x_wconf 89' lang='lat' dir='ltr'><strong>ne</strong></span> <span class='ocrx_word' id='word_1_300' title='bbox 516 4221 547 4274; x_wconf 86' lang='grc'><strong>31</strong></span> <span class='ocrx_word' id='word_1_301' title='bbox 566 4217 955 4281; x_wconf 58' lang='grc'><strong>6661666661166116166,</strong></span> <span class='ocrx_word' id='word_1_302' title='bbox 974 4219 1097 4270; x_wconf 88' lang='lat' dir='ltr'>uentums</span> <span class='ocrx_word' id='word_1_303' title='bbox 1119 4216 1281 4283; x_wconf 85' lang='lat' dir='ltr'>Vo;contra</span> <span class='ocrx_word' id='word_1_304' title='bbox 1362 4209 1364 4215; x_wconf 57' lang='lat'><strong>⁴</strong></span> 
     </span>
     <span class='ocr_line' id='line_1_37' title="bbox 161 4305 878 4385; baseline -0.017 -14"><span class='ocrx_word' id='word_1_305' title='bbox 161 4321 189 4379; x_wconf 88' lang='lat' dir='ltr'><strong>te</strong></span> <span class='ocrx_word' id='word_1_306' title='bbox 213 4316 257 4385; x_wconf 85' lang='lat' dir='ltr'>qui</span> <span class='ocrx_word' id='word_1_307' title='bbox 274 4312 361 4365; x_wconf 90' lang='lat' dir='ltr'>-sis</span> <span class='ocrx_word' id='word_1_308' title='bbox 380 4310 414 4364; x_wconf 91' lang='lat' dir='ltr'>ad</span> <span class='ocrx_word' id='word_1_309' title='bbox 432 4309 542 4363; x_wconf 87' lang='lat' dir='ltr'>nihilum</span> <span class='ocrx_word' id='word_1_310' title='bbox 559 4310 685 4361; x_wconf 84' lang='lat' dir='ltr'>uenturus</span> <span class='ocrx_word' id='word_1_311' title='bbox 703 4307 773 4361; x_wconf 81' lang='grc'><strong>6661.</strong></span> <span class='ocrx_word' id='word_1_312' title='bbox 792 4305 878 4361; x_wconf 82' lang='grc'><strong>061611</strong></span> 
     </span>
    </p>
   </div>
   <div class='ocr_carea' id='block_1_6' title="bbox 0 0 1433 4754">
    <p class='ocr_par' dir='ltr' id='par_1_6' title="bbox 0 0 1433 4754">
     <span class='ocr_line' id='line_1_38' title="bbox 0 0 1433 4754; baseline 0 0"><span class='ocrx_word' id='word_1_313' title='bbox 0 0 1433 4754; x_wconf 95' lang='lat' dir='ltr'><strong> </strong></span> 
     </span>
    </p>
   </div>
  </div>
 </body>
</html>
