2850 4754
195 380 266 445 ’298
695 377 844 435 Luciferi

204 569 310 650 pulsos
333 567 498 642 reseruari,
524 586 541 629 a
565 567 623 630 deo
646 584 721 629 nero
746 566 897 629 damnari.
922 567 1066 630 nouimus
1090 569 1174 649 quod
1198 568 1241 631 sis
1263 585 1332 630 me-

203 673 312 746 tuens,
342 689 379 733 ne
402 670 433 732 in
457 669 600 732 omnibns
623 669 670 732 his
697 669 805 750 poenis
832 669 889 733 tua
918 669 1166 734 detestabilitate
1194 670 1332 734 inuentis

203 777 234 838 in
257 776 316 838 bac
339 772 575 855 perseuerantia
598 771 672 835 fidei
695 773 881 852 moriamur,
913 772 1073 836 ettamen
1098 773 1251 837 admones
1274 792 1332 837 ua·
1356 841 1357 845 ,

204 878 267 941 rios
291 876 448 956 durosque
472 876 640 938 cruciatus.
666 875 709 937 sic
734 894 790 939 nos
814 893 891 957 qnos
913 875 979 938 tam
1002 876 1332 958 infeste'persequeris

203 981 289 1043 uarie
314 979 526 1041 excarnificari
551 979 641 1059 cupis
659 979 833 1059 etquidem
857 979 1024 1043 momentis
1049 980 1209 1054 omnibus3
1232 980 1331 1043 inter·
1355 991 1367 1032 ⁵

18 1087 22 1098 '
115 1085 118 1090 '
203 1083 354 1146 ficiendos
378 1100 452 1144 uero
476 1100 535 1144 non
560 1099 629 1143 esse
653 1080 802 1158 statuisti,
825 1081 989 1162 tamquam
1005 1100 1089 1146 mors
1110 1082 1330 1147 tantummodo
1395 1125 1399 1131 -

203 1188 313 1250 beatos
342 1185 459 1247 milites
476 1184 599 1249 Christi
627 1184 727 1246 faciat
756 1204 792 1247 ac
823 1203 882 1248 non
913 1185 1008 1248 etiam
1034 1186 1193 1249 tormenta
1216 1186 1330 1267 quanto

46 1271 49 1279 ’
106 1338 111 1350 .
204 1290 320 1353 luerint
349 1290 495 1370 grauiora
522 1289 610 1350 tanto
633 1288 785 1350 maiorem
807 1288 934 1352 uirtutis
957 1288 1090 1378 glutiam
1112 1288 1246 1370 pariant.
1285 1290 1331 1352 et-

205 1393 369 1479 enimquni
398 1394 542 1456 nouimus
571 1392 712 1455 institiae
742 1391 948 1472 copiosiorem
978 1411 1047 1456 esse
1074 1393 1175 1455 uitam
1200 1411 1235 1455 ac
1260 1410 1330 1473 pro·

205 1498 347 1560 lixiorem
383 1498 413 1559 in
442 1497 502 1559 isto
532 1494 606 1558 belli
642 1513 752 1576 campo
783 1514 843 1559 non
873 1496 965 1577 terga
991 1495 1160 1572 uertimus,
1198 1514 1259 1559 non
1294 1494 1366 1557 ad1⁰

205 1581 309 1663 castra
332 1600 388 1662 tua
411 1599 461 1661 dei
486 1599 585 1662 hostis
608 1590 776 1661 transitum
799 1598 942 1675 facimus,
967 1598 1023 1663 sed
1038 1599 1141 1680 magis
1156 1598 1239 1661 inter
1255 1599 1329 1662 haec

207 1704 278 1766 ate
302 1702 400 1765 inlata
424 1701 519 1764 exitia
540 1701 634 1782 positi
659 1701 709 1763 dci
740 1701 832 1778 ouili,
863 1701 945 1765 unde
975 1703 1007 1764 te
1036 1702 1163 1782 raptum
1194 1701 1332 1783 possidet

207 1806 359 1882 diabolus,
383 1805 613 1887 repraesentari
637 1805 790 1885 cupimus.
823 1806 981 1868 ettamen
1007 1824 1042 1868 eo
1066 1807 1143 1870 haec
1168 1804 1250 1881 dico,
1275 1823 1331 1867 non

205 1909 344 1999 utnobis
360 1928 489 1990 parcas3
514 1908 654 1971 inuenies
676 1908 791 1971 etenim
815 1908 1009 1972 Christianos
1031 1927 1087 1972 nos
1111 1927 1190 1985 esse,
1213 1907 1331 1971 utiam
1377 1927 1383 1951 ⁰

104 2031 107 2038 ·
206 2032 282 2093 quos
304 2011 490 2075 interfecisti
514 2011 661 2074 inuenisti
684 2011 715 2073 in
738 2010 800 2074 fide
825 2011 965 2088 stabiles,
988 2012 1019 2074 in
1038 2011 1145 2076 dolore
1161 2012 1325 2093 patientes
1343 2027 1364 2067 15

203 2116 234 2177 in
259 2115 441 2195 quaestione
457 2115 603 2191 uictores,
627 2134 681 2196 per
703 2114 792 2177 illum
817 2115 939 2178 scilicet
962 2115 1015 2197 qni
1039 2115 1234 2181 confessores
1259 2134 1327 2180 snos

206 2238 264 2281 non
290 2219 415 2295 deserit,
440 2219 529 2281 cuins
553 2237 608 2281 nos
631 2218 748 2280 milites
772 2219 987 2300 agnoscentes,
1018 2220 1053 2282 ut
1078 2219 1228 2297 aduertis‚
1254 2238 1328 2283 con-

204 2321 365 2403 gredimur
380 2321 509 2396 lortiter,
535 2321 720 2392 dimicamus
736 2322 924 2386 constanter.
950 2323 1068 2387 scimus
1085 2323 1167 2386 enim
1182 2316 1329 2406 magnam

200 2420 276 2490 ¹esse
301 2425 488 2502 claritatem,
512 2425 686 2488 inmensam
711 2424 936 2488 sublimitatem
961 2443 997 2488 ac
1023 2426 1215 2508 singularem
1239 2445 1330 2491 sanc-

206 2529 332 2592 titatem
367 2528 466 2590 uitam
501 2528 612 2592 salutis
649 2528 796 2592 aeternae
827 2528 992 2592 honestate
1029 2529 1184 2610 passionis
1219 2539 1365 2594 ornareb

206 2633 375 2695 maximam
400 2650 469 2695 esse
491 2631 690 2696 nobilitatem
713 2631 881 2712 potestatis
903 2632 977 2706 tuae
1005 2632 1162 2696 tormenta
1189 2633 1331 2697 contem-

206 2755 280 2799 nere
304 2753 360 2803 nec
385 2737 522 2810 horrere,
547 2731 670 2796 calcare
693 2734 725 2795 te
748 2751 805 2796 nec
834 2734 922 2797 tuam
950 2734 1071 2798 rabiem
1099 2734 1331 2815 pertimescere,

207 2838 305 2920 quiin
322 2838 503 2901 innocentes
519 2836 585 2899 tam
607 2835 717 2899 rabide
741 2836 855 2912 saeuis,
880 2836 933 2917 qni
957 2854 1028 2900 cum
1052 2837 1095 2900 sis
1117 2838 1331 2918 blasphemiae

207 2942 239 3004 et
260 2940 433 3004 iniustitiae
458 2940 489 3002 et
511 2939 608 3002 totins
631 2937 829 3002 crudelitatis
854 2938 972 3016 doctor,
996 2941 1103 3003 tamen
1120 2940 1332 3005 Christianum

206 3045 238 3107 te
261 3045 348 3125 pium
370 3043 557 3125 prudentem
581 3043 674 3124 atque
695 3041 813 3105 iustum
827 3041 930 3106 uideri
945 3060 1036 3124 posse
1053 3062 1194 3120 censeas,
1219 3054 1365 3109 caecus'b

208 3139 240 3210 et
262 3145 358 3210 liebes
383 3147 414 3209 et
437 3145 581 3209 ueritatis
604 3144 741 3225 ignarus.
781 3143 926 3221 aduerte,
955 3145 1082 3209 uorator
1109 3145 1331 3222 innocentium,

208 3249 293 3331 qnod
315 3250 346 3312 in
371 3268 431 3331 quo
456 3248 599 3313 Christus
624 3246 734 3327 uigilet
755 3247 840 3310 uinci
861 3246 924 3311 tuis
947 3247 1111 3312 tormentis
1135 3267 1195 3312 non
1224 3248 1331 3330 possit,

208 3353 324 3416 famem
347 3352 464 3428 uincet,
496 3350 580 3413 sitim
605 3350 740 3430 spernat,
771 3350 950 3431 squalorem
973 3350 1108 3415 carceris
1133 3351 1165 3414 et
1185 3352 1331 3433 recepta-

208 3456 270 3519 culi
305 3455 444 3536 poenarii
472 3454 632 3517 horrorem
665 3453 785 3517 roboris
813 3453 862 3517 sui
895 3453 1003 3535 uigore
1039 3453 1174 3534 subigat,
1210 3472 1333 3518 omnem

209 3558 311 3622 calcet
333 3576 476 3640 poenam,
500 3558 630 3620 cunctos
651 3540 793 3619 conterat
816 3556 988 3620 crocitatus
1011 3575 1067 3620 nec
1082 3556 1217 3621 mortem
1241 3569 1366 3639 quamn

207 3662 243 3723 tu
265 3679 379 3742 magno
404 3660 473 3723 nisu
495 3659 650 3722 minitaris
672 3658 785 3722 inferre
804 3660 935 3722 metuat.
961 3677 1108 3741 superare
1123 3659 1155 3721 te
1173 3659 1332 3723 existimas

208 3763 297 3826 illum
328 3764 380 3845 qui
409 3762 587 3826 meminerit
616 3763 784 3843 scriptum:
819 3763 896 3844 qnid
925 3763 1098 3828 retribuam
1120 3763 1249 3828 domino
1270 3782 1332 3845 pro

311 3916 343 3968 18
362 3916 437 3985 Cypr.
462 3932 520 3984 app.
549 3915 647 3983 11134,
673 3916 705 3968 13
725 3932 763 3984 sq.
867 3914 900 3968 28
919 3914 995 3984 prr.
1019 3914 1121 3979 11578,
1142 3913 1232 3986 14sq.

209 4000 242 4052 32
260 4000 305 4053 Ps.
324 4001 382 4064 115,
401 4002 424 4055 3.
443 4002 467 4056 4.
486 3999 502 4054 6
519 4000 607 4070 (LXX)
968 4002 970 4007 ’

259 4137 422 4190 4en1ciatos
492 4138 508 4190 9
527 4137 698 4206 cupiosiorem
773 4137 806 4191 16
825 4137 960 4206 questione
1030 4138 1062 4191 21
1082 4140 1266 4206 contempnere

209 4221 242 4274 22
254 4222 358 4275 horrere
376 4224 476 4276 calcare
495 4238 551 4286 noo
570 4224 635 4278 diet.
653 4241 670 4277 o
739 4221 773 4275 23
790 4221 899 4276 rabidae
966 4223 1119 4293 blaspheme
1137 4225 1170 4292 V,
1188 4241 1267 4279 eme

208 4307 241 4359 25
260 4308 361 4375 posselll
430 4307 463 4360 26
481 4308 596 4361 haebeus
665 4308 698 4362 27
717 4323 767 4377 quo
786 4324 807 4363 s.
826 4309 842 4362 l.
861 4326 894 4363 m.
915 4310 963 4362 alt.
1036 4308 1077 4368 ,29
1094 4310 1213 4377 poenarii
1231 4308 1335 4378 scripsi

211 4394 337 4461 (poenalis
357 4393 439 4461 Oppr.
459 4395 475 4448 l.
494 4397 537 4461 c),
555 4411 697 4463 poenarum
718 4395 757 4449 Vc
826 4395 974 4449 homosrem
1042 4395 1076 4448 32
1094 4395 1220 4450 scribtum
