2850 4754
625 363 811 433 Epistulae.
832 409 834 413 .
1216 366 1281 434 323

163 551 337 617 antichristi
360 571 415 634 per
437 552 611 634 potentiam
633 553 725 617 huius
746 552 855 616 mundi
879 552 989 632 omnia
1005 555 1134 635 egerint,
1165 556 1200 618 ut
1223 575 1280 619 ex-

161 655 340 738 tinguerent
368 655 529 720 lucernam
558 655 711 734 ueritatis,
744 655 850 721 tamen
880 655 1027 720 diuinitas
1055 675 1110 738 per
1140 659 1278 723 uestram

162 757 388 823 confessionem
404 757 568 822 clariorem
585 759 651 823 eius
666 756 770 822 lucem
787 757 933 836 ostendit,
956 759 992 821 ut
1007 760 1163 824 neminem
1177 760 1279 826 latere

160 862 260 946 possit
282 881 390 927 eorum
412 861 549 928 fallacia.
586 854 726 927 'antehae
754 861 807 927 uel
837 862 984 927 simulare
1012 863 1166 944 poterant,
1196 881 1278 932 nune

135 965 337 1030 eantehnsti
359 965 566 1030 nominantur.
591 965 659 1047 quis
683 965 764 1029 enim
786 983 848 1029 non
864 965 1061 1030 exsecretur?
1083 967 1154 1048 quis
1172 984 1279 1030 eorum

162 1068 410 1132 communionem
432 1067 594 1149 tamquam
616 1067 772 1132 maculam
797 1086 832 1132 ac
855 1068 941 1132 uirus
957 1068 1067 1151 anguis
1081 1087 1142 1132 non
1158 1068 1279 1152 fugiat?

162 1171 262 1235 omnis
284 1171 398 1252 ubique
422 1168 557 1235 ecclesie
577 1169 676 1255 luget,
701 1171 799 1252 omnis
823 1171 935 1236 ciuitas
957 1171 1065 1253 gemit,
1096 1190 1186 1235 senes
1210 1171 1277 1255 epi-

161 1273 248 1355 scopi
274 1274 306 1338 in
334 1273 425 1338 exilio
458 1272 602 1338 laborant
637 1274 669 1337 et
695 1272 845 1338 haeretiei
875 1271 1087 1355 dissimulent,
1122 1274 1174 1356 qui
1205 1273 1286 1351 dumv

160 1377 278 1459 negant
301 1375 468 1454 Christum,
491 1375 674 1458 publicanos
697 1385 730 1440 se
755 1375 922 1440 effecerunt
947 1376 1095 1442 sedentes
1117 1377 1149 1441 in
1173 1376 1277 1441 eccle·

121 1496 147 1536 ¹0
160 1479 216 1555 siis
240 1480 272 1544 et
295 1479 454 1563 exigentes
476 1479 656 1562 uectigalia.
682 1498 698 1543 o
721 1497 837 1544 nouum
860 1498 959 1561 genus
981 1479 1141 1543 hominum
1158 1480 1190 1544 et
1204 1499 1278 1563 per-

161 1567 331 1650 secutionis
354 1582 437 1667 quod
460 1581 621 1648 adinuenit
638 1581 789 1661 diabolus,
813 1582 849 1645 ut
865 1582 941 1664 ipsis
958 1581 1108 1648 ministris
1125 1581 1165 1646 ed
1180 1583 1278 1648 male-

161 1686 340 1766 faciendum
364 1687 395 1751 et
415 1686 505 1751 tanta
528 1683 716 1750 crudelitate
739 1684 895 1751 uteretur!
920 1685 977 1750 sed
1001 1685 1032 1749 et
1055 1685 1080 1751 si
1095 1686 1173 1750 haec
1189 1685 1279 1750 tanta

162 1791 260 1876 egunt
276 1792 306 1854 et
322 1790 482 1874 superbias
499 1789 530 1852 et
545 1788 756 1872 blasphemias
773 1788 987 1866 extenderunt,
1004 1788 1157 1853 confessio
1172 1789 1278 1854 tamen

162 1893 194 1959 et
220 1893 330 1977 religio
359 1892 580 1976 etsapientia
602 1892 709 1956 uestra
737 1910 796 1955 non
825 1890 994 1970 modicum,
1024 1890 1080 1955 sed
1107 1890 1278 1960 maximum
1351 1888 1356 1903 '

124 2017 147 2058 15
161 1996 308 2068 solatium
334 1997 365 2060 et
387 2015 502 2080 magna
524 1994 694 2061 consolatio
719 1995 766 2059 est
787 1993 984 2059 fraternitati.
1030 1994 1173 2078 peruenit
1196 1994 1278 2059 enim

162 2101 203 2170 ad
231 2120 288 2166 nos
317 2100 478 2182 scripsisse
509 2097 708 2164 sanctitatem
736 2098 824 2161 tuam
852 2096 994 2181 Augusto
1025 2096 1216 2176 Constantio,
1247 2095 1279 2161 et

159 2203 262 2287 magis
284 2204 447 2287 magisque
463 2189 627 2285 miremur‚'
647 2201 720 2284 quie
734 2201 765 2265 in
783 2199 888 2265 medio
903 2201 1065 2284 tamquam
1081 2200 1277 2282 scorpionum

160 2307 305 2373 habitans
329 2307 423 2371 animi
450 2307 557 2371 tamen
583 2304 728 2371 libertate
758 2304 865 2382 uteris,
900 2304 935 2369 ut
962 2303 1015 2367 uel
1042 2302 1194 2368 monendo
1225 2300 1279 2368 uel

161 2409 302 2475 docendo
325 2409 379 2474 uel
401 2408 595 2475 emendando
620 2407 758 2473 errantes
781 2407 821 2472 ad
843 2408 950 2473 lumen
966 2406 1110 2472 ueritatis
1126 2405 1277 2471 adducas.

124 2530 235 2598 adrogo
257 2513 363 2598 igitur,
385 2513 498 2597 rogant
518 2530 643 2577 mecum
667 2511 761 2577 etiam
787 2530 897 2576 omues
927 2509 1129 2586 confessores,
1160 2508 1196 2571 ut
1227 2506 1279 2572 di-

159 2617 264 2700 gneris
286 2616 376 2681 nobis
400 2614 575 2699 exemplum
600 2612 767 2693 destinare,
790 2614 826 2677 ut
848 2633 908 2677 uon
930 2613 1052 2676 tantum
1075 2611 1194 2688 auditu,
1219 2608 1276 2675 sed

162 2719 257 2785 etiam
287 2737 324 2784 er
343 2718 458 2799 litteris
477 2749 478 2752 ¹
486 2718 661 2802 perspicere
689 2717 808 2802 possint
831 2735 936 2783 omnes
970 2715 1090 2779 animae
1112 2713 1186 2777 tuae
1209 2713 1277 2776 uir-

159 2822 261 2886 tutem
283 2821 419 2905 fideique
442 2821 592 2886 fiduciam
624 2821 655 2884 et
679 2818 869 2885 libertatem.
902 2818 1054 2891 ¹salutant
1077 2815 1278 2881 sanctitatem

159 2927 248 2993 tuam
272 2925 324 3006 qui
339 2943 463 2988 mecum
479 2923 560 3002 sunt,
586 2923 687 2988 saluto
711 2942 817 3009 omnes
833 2923 886 3005 qui
900 2922 1005 2988 tecum
1021 2918 1102 2984 sunt.
1128 2913 1276 2982 diuinitas

124 3042 148 3083 2⁵
160 3029 193 3092 te
215 3028 404 3093 incolumem
433 3026 580 3111 uegetum
608 3016 840 3108 memoremque
869 3023 966 3090 nostri
981 3041 1118 3104 semper
1140 3020 1278 3098 tueatur,

163 3129 287 3196 domine
311 3128 514 3195 dilectissime
539 3148 575 3194 ae
598 3148 673 3194 uere
695 3130 796 3193 homo¹
812 3127 871 3193 dei.

216 3420 359 3489 tegeriiiit
444 3418 548 3472 denim
566 3434 610 3472 eos
625 3435 675 3472 nos
694 3416 810 3486 Pcpebr.
898 3416 942 3485 qui
963 3416 1008 3482 Vo,
1028 3430 1074 3468 em.
1093 3412 1212 3481 Papebr.

164 3539 288 3625 alume
370 3539 556 3595 erumnose
643 3539 675 3623 lo
693 3511 808 3592 exiente
820 3510 959 3606 tamena
981 3537 1010 3603 V,
1030 3535 1161 3602 exigentes
1180 3531 1282 3584 erecta

165 3645 284 3713 Papebr.
371 3644 449 3697 raet
469 3645 536 3699 Vct
555 3637 695 3698 Titianis
712 3643 796 3711 cotis,
815 3643 842 3694 et
858 3640 921 3694 hie
1007 3637 1078 3691 ethi
1097 3636 1283 3688 —uterentur

165 3731 284 3799 Pcpebr.
355 3729 388 3783 13
406 3732 433 3782 et
451 3728 586 3797 superbiae
602 3744 654 3783 om.
672 3728 790 3796 Pcpebr.
860 3726 892 3779 15
910 3739 1007 3792 magna
1024 3738 1073 3776 om.
1092 3721 1209 3790 Pepebr.

165 3817 198 3870 19
216 3818 346 3870 errantem
364 3816 509 3870 Berenicae
522 3817 561 3870 ad
572 3830 680 3870 cecum
695 3816 749 3868 356
757 3829 788 3868 a.
801 3812 941 3869 LXXIV·
1000 3808 1082 3861 neem
1094 3808 1212 3875 Pepedr.

164 3902 196 3956 21
216 3902 346 3957 destinam
364 3919 397 3956 ee
416 3907 432 3956 1
525 3902 560 3954 24
577 3902 664 3955 saluta
680 3900 747 3966 fort
842 3897 876 3951 26
893 3896 945 3964 dei]
964 3894 1030 3949 add.
1052 3895 1088 3948 V:
1110 3891 1151 3945 his
1169 3891 1287 3960 acceptis

163 3991 260 4046 litteris
278 3989 371 4045 taetus
382 3988 474 4042 inciter
490 3989 563 4044 misit
579 3987 669 4042 libres.
679 3984 792 4054 quosad
804 3982 981 4039 coustantium
992 3980 1132 4048 scripserat
1149 3993 1213 4046 qnos
1222 3991 1283 4031 erun

163 4078 273 4146 legisset
290 4075 445 4131 athanasius
468 4074 535 4129 hauc
556 4072 626 4128 infra
644 4071 782 4140 epistulam
805 4068 878 4125 misit
895 4067 998 4122 domino
1014 4065 1214 4134 gloriosissimo:
1232 4062 1286 4117 etsi

164 4163 242 4221 credo
258 4168 308 4218 eie.

650 4336 798 4345 um„—

1131 4378 1185 4429 ’111
