2850 4754
501 365 665 418 Moriendum
683 381 740 419 esse
757 381 804 433 pro
824 365 866 419 dei
884 365 947 420 filio.
998 363 1000 367 ’
1223 367 1283 433 301

167 553 336 619 arbitratus
359 574 402 632 es,
427 555 539 636 quibus
557 540 725 637 augmenta
740 556 866 620 uirtutis
882 556 1000 619 inuicta
1017 558 1168 637 praebeat
1183 557 1284 622 fides?

165 657 257 721 credo
281 658 427 740 equidem
449 678 506 723 nee
529 679 579 722 me
601 661 720 724 ueritas
743 660 832 737 fallit,
862 659 954 741 quod,
983 660 1060 724 licet
1084 660 1184 725 adhuc
1207 662 1283 726 totis
1306 660 1309 667 '

164 760 226 825 tuis
256 780 291 825 eo
321 763 484 828 incumbas
515 763 712 827 carnificinae
742 764 875 840 uiribus,
910 765 945 827 ut
976 764 1118 828 membra
1151 764 1283 829 diuellas

166 864 313 946 artusque
341 865 476 929 laniatos
505 866 536 929 in
568 866 750 947 sanguinem
778 867 917 930 nostrum
941 866 1084 930 saeuiens
1108 866 1160 929 diu
1182 866 1281 930 tortor

137 983 287 1054 sereres,
322 967 406 1048 quod
431 967 558 1031 uincere
585 968 690 1031 tamen
719 987 888 1049 numquam
920 967 1092 1050 dei.possis
1116 968 1277 1041 familiam,

163 1087 334 1149 numquam
363 1071 533 1134 exereitum
562 1090 709 1152 superare
732 1071 849 1136 Christi
877 1072 1000 1148 ualeas,
1035 1090 1095 1135 non
1122 1070 1279 1135 doloribus

163 1175 323 1252 subicere,
358 1193 418 1239 non
445 1175 553 1257 poenis
584 1176 770 1257 angentibus
797 1176 914 1257 poteris
937 1175 1073 1239 flectere.
1113 1174 1282 1240 Christiani

161 1276 265 1341 nullos
287 1278 446 1342 nunciatus
469 1278 628 1342 nullamne
650 1279 785 1348 mortem
806 1296 1006 1352 recusamus3
1029 1296 1088 1342 non
1103 1277 1280 1361 tyrannicas

160 1379 234 1444 tuas
256 1380 419 1458 iussiones,
443 1400 502 1445 non
517 1380 657 1445 iudicum
672 1383 796 1445 tuomm
812 1381 935 1462 gladios
955 1381 1090 1444 tremere
1104 1399 1280 1462 possumus,
1344 1421 1349 1432 ·

123 1499 148 1538 ιο
162 1483 237 1564 quia
259 1483 364 1564 gladio
388 1484 439 1548 dei
463 1485 575 1548 armati
596 1483 869 1549 tibi‘rcsistamus
907 1485 1018 1548 beatus
1042 1484 1218 1565 apostoluS,
1244 1483 1281 1547 dc

161 1591 268 1665 cetero,
294 1586 370 1649 dicit
393 1587 545 1668 Ephesiis
570 1588 801 1668 confortamini
822 1588 859 1650 in
881 1588 1006 1651 domino
1030 1593 1058 1651 ct
1080 1587 1280 1668 inpotentia

160 1689 294 1752 nirtntis
320 1691 397 1755 cina
434 1691 559 1754 induite
587 1710 679 1754 arrno
709 1690 775 1766 dei,
808 1694 844 1754 nt
865 1690 996 1769 possitis
1021 1694 1106 1754 stare
1127 1690 1279 1753 aduersos

160 1792 300 1857 remedio
321 1792 449 1864 diaboti,
472 1793 551 1874 qnia
572 1799 700 1858 nonest
720 1793 808 1858 nobis
829 1793 1015 1858 conluctatio
1030 1793 1182 1857 aduersos
1204 1812 1278 1856 cor-

160 1915 233 1958 nern
255 1899 284 1958 et
305 1898 501 1978 sanquinem,
525 1896 577 1960 scd
598 1901 708 1960 contro
725 1900 901 1978 potestaten,
925 1900 1036 1986 contro
1055 1894 1151 1959 tuine
1166 1894 1279 1957 mnndi

122 2019 147 2059 15
160 2002 294 2062 ractores
316 2000 515 2066 tenebrarum
537 2000 661 2077 barnrn,
685 2005 796 2064 eontra
817 1999 982 2080 spiritalia
997 1998 1163 2079 nequitiae.
1188 2015 1275 2060 arma

160 2099 287 2164 indutos
311 2100 362 2164 dei
384 2102 433 2177 tu,
463 2121 518 2183 per
541 2120 634 2183 quem
657 2121 763 2166 omncs
786 2101 816 2165 in
840 2103 981 2166 nostram
1000 2119 1110 2164 necem
1133 2099 1278 2165 saeuiunt

162 2203 340 2280 daemones,
364 2223 510 2285 superare
533 2205 606 2286 quia
629 2223 688 2267 non
703 2206 801 2286 potes,
825 2203 986 2268 hortamur
1000 2204 1127 2268 tandem
1142 2205 1174 2266 te
1190 2202 1278 2267 nobis

160 2305 285 2382 tradas,
320 2326 357 2369 ne
381 2325 452 2370 cum
474 2307 544 2371 istis
567 2326 644 2388 quos
672 2307 821 2372 describit
845 2308 1002 2388 apostolus
1024 2308 1055 2370 iu
1078 2301 1192 2370 cuncta
1212 2307 1276 2370 tor-

162 2410 286 2492 quearis
316 2429 403 2474 aeua.
443 2411 486 2474 sic
515 2430 574 2475 non
601 2411 632 2473 in
661 2411 806 2474 tenebras
837 2411 972 2474 carceris
998 2411 1044 2474 tui
1072 2409 1129 2473 filii
1154 2409 1275 2491 possint

121 2531 148 2570 ao
160 2512 246 2576 uinci
267 2513 347 2576 lucis
372 2532 389 2576 a
410 2513 609 2577 tenebrarum
631 2512 707 2590 filio,
730 2514 892 2595 tamquam
906 2513 1051 2576 tenebras
1067 2512 1182 2575 sentire
1197 2530 1272 2593 pos-

162 2616 225 2680 sint
246 2616 279 2680 hi
300 2617 331 2680 in
348 2617 460 2698 quibus
474 2617 648 2680 inhabitare
665 2616 811 2698 dignatur
824 2616 879 2679 ille
895 2616 948 2697 qui
971 2615 1011 2679 sit
1025 2615 1105 2677 lucis
1121 2612 1272 2678 conditor.

161 2713 298 2801 perierat
325 2718 424 2783 uirtus
453 2737 582 2783 neeesse
614 2719 662 2783 cst
690 2718 773 2800 quod
801 2717 963 2782 ferendum
990 2719 1102 2781 natura
1132 2717 1274 2782 mortalis

163 2822 304 2898 edocuit3
328 2823 452 2898 sienim
470 2822 593 2905 ignibus
609 2840 791 2886 consumere
807 2823 927 2885 nostros
951 2821 1036 2884 artus
1058 2820 1273 2902 temptaueris,

160 2925 193 2987 te
221 2925 323 3007 magis
350 2925 381 2989 in
409 2926 515 2990 nostra
544 2942 673 3007 corpora
701 2924 870 2988 sentiemus
893 2923 978 2987 exuri
1002 2942 1095 3005 quam
1118 2942 1192 3003 noa,
1224 2923 1276 3005 qui

121 3040 146 3080 2⁵
160 3030 238 3091 cum
256 3028 389 3093 libenter
413 3047 448 3092 ac
471 3028 611 3108 prompte
635 3045 795 3091 curramus
819 3025 858 3089 ad
879 3026 1012 3089 mortem
1034 3045 1089 3108 pro
1113 3025 1191 3104 fide,
1215 3046 1274 3091 non

161 3148 217 3194 nos
247 3130 390 3195 amittere
418 3130 518 3193 uitam
543 3129 651 3211 posse,
687 3130 743 3193 sed
762 3128 866 3211 magis
889 3129 1070 3210 conquirere
1095 3129 1274 3211 etquidem

160 3235 231 3315 post
258 3233 402 3314 fragilem
434 3233 593 3296 aeternam
622 3250 868 3314 praesumamus.
911 3233 974 3296 stat
1010 3251 1133 3314 semper
1162 3250 1273 3312 nempe
1331 3235 1335 3246 '

160 3335 257 3417 gladii
279 3336 327 3399 tui
350 3336 434 3400 acies
457 3336 566 3399 stricta
588 3337 697 3417 parata
720 3335 966 3400 Christianorum
992 3337 1075 3412 neci,
1111 3336 1142 3400 et
1168 3335 1273 3413 tamen

161 3440 244 3503 omni
265 3439 391 3520 plumbo
415 3438 539 3503 erudior
562 3457 630 3503 esse
645 3438 733 3504 nobis
751 3439 876 3503 uidetur
897 3439 957 3504 iste
972 3457 1080 3504 mucro
1100 3436 1198 3520 gladii
1215 3436 1271 3512 tui,

123 3551 148 3591 ⁸⁰
161 3543 243 3608 sicut
265 3543 297 3606 et
320 3542 404 3606 acies
427 3541 548 3606 animae
570 3543 653 3606 tuae.
682 3541 853 3606 toleramus
876 3543 980 3611 omnia
1000 3541 1032 3604 iu
1054 3540 1198 3623 passione
1221 3557 1273 3603 se-

145 3647 242 3734 curi,
272 3645 360 3709 uelut
388 3637 567 3727 ingeramus
591 3635 743 3726 supplicia
765 3663 844 3726 quae
866 3646 1017 3726 patimur,
1049 3643 1195 3725 quoniam
1221 3641 1273 3724 qui

260 3849 327 3902 rer.
347 3848 423 3918 cypr.
441 3849 476 3903 11,
494 3848 532 3902 m
549 3848 590 3916 aa,
609 3849 641 3902 rr
711 3849 741 3902 11
761 3850 826 3919 epu.
844 3850 868 3918 e,
888 3849 987 3915 10-12
1012 3903 1014 3906 ,

209 4021 225 4072 5
244 4036 336 4074 arares
354 4021 384 4087 V,
407 4036 514 4075 nexares
532 4037 563 4089 o,·
586 4023 657 4074 artus
674 4020 789 4074 laniatos
806 4021 890 4073 turtur
907 4019 1024 4074 exararet
1047 4019 1130 4088 Oppr.
1148 4019 1165 4071 l.
1184 4035 1205 4072 c.

158 4106 291 4161 bcbristi
308 4122 462 4174 superarer
496 4144 498 4148 ‡
535 4106 694 4160 8orutiatoa
768 4107 799 4159 11
818 4104 904 4158 etesiis
972 4104 1165 4167 1111111111,
1188 4103 1274 4158 induti

161 4195 187 4248 V·
252 4194 285 4255 15
304 4193 447 4260 spiritaliae
517 4193 549 4246 18
568 4209 667 4260 queso,
686 4191 755 4261 quod
770 4194 796 4248 V
859 4191 893 4245 23
912 4194 982 4245 artos
1049 4191 1083 4245 28
1101 4190 1274 4246 strictnconi.

158 4280 304 4347 Latinior,
323 4280 433 4332 extricta
448 4280 487 4333 Vo
554 4278 707 4333 29·crudior
724 4279 835 4347 scripsi,
853 4278 959 4346 gurdior
979 4279 1009 4342 V,
1028 4280 1161 4332 curuior‘o
