2850 4754
145 403 208 469 242
632 399 779 455 Luciferi

144 591 293 669 nostrum,
323 608 414 673 quem
444 590 547 655 omnia
574 590 735 672 potentem
763 591 799 654 ut
827 608 883 655 nos
911 589 1069 655 eredimus
1099 592 1261 658 credentes

145 693 253 758 eontra
274 694 397 758 hostem
420 692 562 759 omnibus
585 692 650 757 suis
672 692 791 759 uiribus
814 693 916 758 semet
939 693 1103 758 erexerint.
1140 700 1172 761 et
1192 715 1261 761 sur·

143 797 227 861 rexit
248 797 351 862 Iudas
373 798 428 879 qni
450 796 621 874 uocabatur
645 795 858 862 Macbabaeus
879 797 969 878 ttius
991 799 1058 863 eius
1077 817 1142 881 pro
1163 819 1207 864 ec.
1236 803 1262 864 et

143 899 346 965 adiuuabant
367 919 436 964 eun
458 918 562 963 einum
583 898 700 978 fratres
722 900 789 964 eius
817 904 847 970 et
873 900 1018 965 uniuersi
1043 901 1102 983 qui
1129 920 1162 965 se
1191 921 1260 968 cen·

143 1005 318 1068 iunxerant
340 1003 433 1084 patri
460 1003 544 1082 eius;
576 1006 605 1066 et
628 1001 849 1083 praeliabatur
873 1003 1034 1085 proelium
1060 1003 1167 1069 Israel
1194 1024 1294 1069 cume

144 1105 277 1171 taetitia.
302 1109 332 1169 et
353 1105 506 1171 dilatauit
525 1104 664 1188 pieriam
684 1105 801 1187 populo
818 1126 875 1172 sue
898 1110 928 1172 et
948 1107 1056 1171 induit
1078 1126 1110 1171 se
1132 1107 1261 1172 ioricam

141 1210 223 1274 sicut
243 1209 357 1292 pipans
384 1212 413 1273 et
435 1208 592 1273 succinxit
618 1228 700 1272 nasa
720 1207 830 1274 bellica
851 1228 911 1274 sua
940 1214 969 1273 et
990 1210 1121 1291 proelia
1145 1210 1260 1275 consti·

143 1312 203 1374 tuit
218 1316 386 1394 pratepens
415 1315 521 1376 castra
545 1311 667 1394 pbacbio.
705 1314 735 1376 et
761 1311 878 1376 simin
906 1311 1011 1393 factus
1038 1317 1083 1377 est
1115 1313 1200 1378 teani
1225 1313 1259 1376 in

143 1415 287 1496 operibus
314 1416 382 1479 suis
409 1420 438 1479 et
464 1415 547 1479 sicut
572 1413 818 1505 caracteratis
839 1416 967 1498 rupicum
989 1415 1026 1479 in
1047 1417 1255 1480 uenationem.

143 1520 170 1581 et
189 1522 371 1601 persecutus
393 1522 438 1582 est
458 1518 583 1602 iniquos
609 1521 638 1581 et
662 1522 868 1599 perscrutans
890 1523 919 1582 et
940 1519 996 1584 bos
1018 1520 1074 1600 qni
1092 1517 1289 1599 perturba-u

142 1619 219 1683 bant
241 1620 399 1701 populun
425 1639 518 1685 sunm
539 1621 709 1686 succendit.
744 1624 773 1687 et
793 1621 938 1686 subducti
960 1626 1035 1686 sunt
1056 1622 1164 1703 iniqua
1183 1641 1259 1703 prae

141 1723 253 1809 timore
275 1723 342 1787 eius
365 1727 395 1788 et
416 1741 521 1788 onnes
542 1724 682 1805 merarii
710 1724 893 1806 inipubatis
914 1724 1092 1789 conturbati
1114 1729 1205 1803 sunt,
1232 1728 1259 1787 et

135 1844 292 1906 prospera
314 1826 404 1906 facta
425 1830 470 1890 est
492 1826 579 1890 seius
601 1828 639 1890 in
661 1846 761 1895 manu
782 1827 858 1893 eius.
896 1830 924 1889 et
946 1827 1152 1892 exacerbabat
1177 1844 1258 1909 repes

140 1929 254 1993 inuitos
276 1933 305 1993 et
324 1928 496 1994 delectabat
516 1930 610 1994 Iacob
631 1931 669 1994 iu
691 1931 834 2012 operibus
855 1931 933 2015 suis,
962 1933 992 1994 et
1012 1949 1110 2013 usque
1131 1931 1169 1995 in
1191 1949 1257 1995 sae-

140 2032 210 2097 cuta
232 2034 384 2096 memoria
406 2032 472 2097 eius
496 2033 532 2097 in
554 2033 774 2099 benecdictioue.
811 2038 840 2098 et
856 2032 1097 2115 perambniauit
1118 2034 1156 2098 in
1179 2033 1286 2098 ciui-n

138 2135 255 2200 tatibus
282 2135 369 2200 Iucia
401 2140 430 2200 et
456 2135 647 2216 disperdidit
675 2138 791 2218 inpios
819 2156 925 2202 onnes
952 2157 990 2202 ee
1018 2156 1056 2201 ea
1090 2133 1257 2204 etauertit

138 2239 224 2302 iram
246 2238 284 2302 ab
307 2239 422 2304 Israel.
444 2242 475 2302 et
495 2241 678 2305 nominatus
698 2245 744 2305 est
761 2240 916 2322 usquead
931 2241 1143 2306 caecissimum
1159 2244 1256 2304 terrae

138 2345 167 2404 et
188 2343 389 2424 conprepauit
407 2347 583 2422 peccantes.
605 2341 654 2406 illi
676 2342 733 2407 tali
755 2343 822 2407 zelo
846 2342 970 2407 accensi
993 2343 1102 2407 cenna
1125 2341 1177 2406 dei
1200 2342 1254 2406 do-

137 2465 208 2511 mus
229 2444 371 2508 fecerunt
391 2444 550 2520 inimicos;
573 2444 662 2510 nobis
676 2445 709 2508 te
725 2447 833 2511 contra
855 2465 915 2510 non
937 2445 1040 2510 tuerat
1055 2444 1254 2528 surgendum,

137 2568 175 2614 ne
193 2548 269 2613 dicti
287 2547 455 2612 fuissemus
475 2547 756 2630 petulantesised
777 2549 856 2613 bene
878 2566 929 2612 me
951 2547 1146 2630 petulantem
1162 2547 1284 2613 ¹dice-n

136 2671 197 2731 res,
226 2651 253 2715 si
274 2670 334 2715 non
356 2652 443 2715 reete
465 2651 760 2733 contempsissemus
783 2652 972 2735 sacrilegum
995 2651 1135 2716 edietum
1157 2653 1252 2716 tuum.

135 2754 256 2837 respice
280 2754 395 2818 etenim
416 2753 590 2837 conperditi
610 2754 658 2818 tui
681 2754 756 2838 quid
775 2755 990 2837 praeceperint
1006 2755 1102 2820 duces
1117 2756 1251 2822 Iudaeo-

135 2876 205 2921 rum
228 2857 376 2939 apostolis
399 2856 431 2922 et
452 2857 560 2921 eontra
583 2856 658 2940 quid
679 2857 789 2921 fecerit
809 2859 974 2923 beatorum
996 2859 1110 2923 chorus
1127 2860 1251 2943 aposto-

134 2959 254 3038 lomm‚
290 2959 322 3022 et
349 2958 489 3023 inuenies
517 2978 573 3025 nos
601 2978 662 3024 non
691 2979 760 3026 esse
782 2961 973 3043 petulantes,
1009 2960 1067 3029 sed
1090 2963 1122 3026 et
1143 2963 1202 3028 tibi
1225 2961 1253 3026 et

135 3060 224 3127 nobis
253 3061 429 3126 consultum
460 3079 529 3127 esse
557 3062 727 3144 cupientes.
765 3064 880 3130 Petrus
909 3070 1015 3134 auum
1042 3070 1070 3131 et
1093 3066 1281 3132 lebannesn

135 3165 345 3232 ascendebant
365 3167 403 3229 in
423 3167 573 3247 tempium
594 3167 637 3234 act
658 3165 770 3235 boram
791 3170 945 3235 nationis
967 3187 1095 3235 nonam.
1131 3175 1160 3235 et
1181 3171 1250 3255 pui-

133 3270 208 3335 dam
229 3269 283 3332 uir
304 3267 438 3333 amadus
458 3288 496 3332 eu
517 3273 604 3335 utero
627 3271 742 3334 matris
763 3289 839 3335 suae
858 3271 1060 3355 portabatur,
1089 3256 1181 3355 amn
1203 3291 1250 3341 co·

133 3372 211 3437 tidie
233 3369 394 3453 ponebant
415 3371 457 3440 ad
478 3372 614 3436 manain
642 3372 750 3455 tempti
777 3393 858 3456 quae
886 3376 1006 3440 dicitur
1033 3376 1191 3456 speciosa,
1218 3378 1251 3440 ut

128 3479 244 3558 peteret
272 3473 497 3557 ebeemospnaen
519 3474 558 3538 ab
580 3473 810 3540 introeuntibus
837 3477 873 3542 in
904 3477 1063 3557 tempium.
1099 3476 1152 3543 bic
1181 3498 1250 3544 cun

132 3577 264 3643 uidisset
277 3577 409 3642 Petrum
423 3581 451 3642 et
466 3576 641 3644 Iobanuein
663 3580 856 3644 introeuntes
877 3580 915 3645 in
938 3581 1097 3668 tempium,
1120 3582 1249 3666 repebat
1256 3605 1279 3659 a

134 3679 364 3765 eleemosynam.
388 3681 553 3746 intendens
574 3687 679 3746 autern
701 3683 738 3748 in
760 3682 852 3748 ibium
874 3683 989 3749 Petrus
1011 3704 1083 3750 cuin
1104 3685 1247 3753 Iobaune

233 3920 381 3975 ulnae.
399 3921 424 3986 3,
444 3921 510 3975 1-9
579 3921 688 3976 usna.
708 3922 732 3987 3,
752 3923 835 3977 1-10
901 3995 902 3999 ¹

166 4149 242 4218 ,iin
261 4163 337 4216 quem
353 4147 419 4214 fort.
488 4149 724 4205 ieoniuucxeraut
800 4123 1012 4220 sproeliabiuu
1029 4157 1049 4219 (¹²
1067 4170 1100 4209 m.
1120 4154 1180 4220 alt.)
1248 4194 1252 4201 .

131 4233 271 4304 biurieum
287 4235 317 4302 V,
335 4233 442 4289 loricae
511 4233 652 4303 igigasu
720 4237 863 4293 succincxit
932 4240 1064 4308 lipsius
1082 4241 1244 4308 etformtc·

131 4319 241 4374 laedunt
309 4336 337 4373 os
407 4320 437 4373 21
457 4322 687 4391 contempsisemus
755 4323 789 4377 29
808 4330 833 4378 et
851 4324 882 4377 31
903 4326 1072 4396 elymosinam
1195 4353 1221 4368 -·
