2850 4754
517 337 680 404 Morienduru
698 355 755 394 csse
771 355 817 406 pro
837 338 878 393 dci
896 340 958 393 filio.
1136 388 1140 394 .
1231 341 1294 406 313

175 543 209 615 ac
238 527 396 608 peruersi,
427 528 463 590 ut
491 527 637 591 malimus
667 525 818 589 salutaria
851 527 1009 601 excutere,
1041 526 1186 590 mortalia
1217 546 1292 592 uero

174 629 348 711 suscipere;
367 648 426 693 non
443 648 550 694 sumus
566 629 756 710 praesidium
772 628 917 691 caelestis
933 627 1108 692 medicinae
1125 628 1289 710 tirgientes.

170 732 392 813 prospicimus,
427 733 509 814 quod
540 733 621 796 enim
648 731 724 795 licet
747 731 826 796 ferro
849 731 990 794 medicus
1020 731 1121 809 secet,
1153 733 1291 796 cauterio

171 833 256 908 urat,
290 833 406 914 sinapis
434 834 578 898 incendio
610 833 650 896 ad
678 851 801 897 omnem
832 831 970 896 dolorem
995 851 1122 914 aegrum
1146 834 1291 912 deducat,

144 934 275 998 stamen
310 955 367 999 neo
402 936 502 1000 secari
535 936 615 1000 inuri
651 935 741 1001 exedi
773 935 970 1015 morderique
1008 954 1076 1000 esse
1114 936 1290 1011 inimicum3

171 1036 283 1117 quippe
307 1038 392 1118 quod
413 1037 532 1102 idcirco
555 1039 669 1103 bonum
693 1037 749 1114 sit,
779 1037 852 1118 quia
875 1037 996 1102 dolores
1019 1037 1145 1102 inutiles
1169 1037 1291 1102 auferat

168 1156 224 1217 per
253 1138 408 1204 adhibitos
439 1139 550 1204 salutis
579 1157 676 1203 cansa
705 1139 837 1202 dolores.
876 1139 945 1203 uult
973 1158 1028 1202 nos
1058 1138 1134 1203 deus
1156 1140 1289 1204 mortem

168 1240 269 1304 morte
301 1241 489 1318 dissoluere,
517 1241 681 1304 tormentis
703 1241 899 1321 temporariis
924 1242 1051 1304 aeterna
1078 1242 1291 1306 cruciamenta

169 1340 342 1418 discutere,
373 1343 527 1424 supplicia
548 1343 654 1406 futura
675 1343 827 1424 perpetua
848 1343 912 1406 tuis
935 1344 1094 1424 suppliciis
1120 1363 1288 1418 euacuare;

129 1442 201 1505 1ohi
222 1443 373 1508 uidelicet
396 1446 458 1526 qni,
481 1464 553 1508 cum
575 1445 675 1509 uitam
699 1444 864 1509 abstuleris
889 1446 1029 1523 anobis,
1053 1465 1290 1528 praesumamus

167 1546 270 1626 magis
291 1565 384 1627 posse
408 1548 540 1613 conferri
564 1549 595 1611 et
624 1548 751 1630 quidem
778 1548 904 1629 propter
935 1549 1156 1629 temporariam
1185 1549 1290 1612 aeter-

167 1666 250 1727 nam,
273 1652 398 1731 propter
419 1650 565 1733 fragilem
589 1652 621 1715 et
643 1650 797 1716 caducam
811 1651 1080 1732 incorruptibilem
1095 1653 1287 1734 perpetuam.

167 1769 228 1814 non
260 1751 403 1816 sufficere
438 1754 496 1818 tibi
524 1772 633 1817 censes
663 1753 846 1817 confitentes
877 1772 910 1817 se
940 1753 1132 1818 Christianos
1167 1754 1290 1818 tantum

166 1853 273 1935 gladio
291 1874 359 1919 esse
376 1856 568 1936 plectendos,
591 1856 652 1920 nisi
674 1856 777 1921 omnia
799 1874 916 1938 genera
938 1856 1159 1937 suppliciorum
1183 1877 1289 1921 eorum

127 1976 153 2016 1⁵
166 1955 314 2021 inflixeris
345 1959 534 2039 corporibus.
580 1958 657 2021 nihil
689 1958 821 2022 interest
855 1976 915 2039 quo
949 1975 1062 2039 genere
1091 1959 1199 2021 mortis
1232 1977 1287 2022 nos

167 2061 276 2140 punire
300 2061 447 2142 digneris,
484 2060 558 2124 dum
586 2079 642 2142 per
673 2062 750 2124 haec
783 2061 822 2124 ad
852 2060 951 2123 uitam
980 2060 1199 2141 pertimendam
1229 2062 1286 2124 ad-

166 2162 330 2229 mittamur
355 2164 524 2241 aeternam,
550 2164 624 2227 dum
646 2183 702 2244 per
717 2165 795 2227 haec
810 2166 867 2226 tua
881 2163 1087 2228 mortificetur
1101 2164 1213 2239 rabies,
1231 2183 1286 2227 uos

167 2266 276 2328 contra
297 2266 503 2330 uiuificemur.
529 2267 555 2330 si
579 2266 660 2330 enim
681 2267 831 2330 miserum
853 2267 955 2347 putas,
980 2266 1063 2348 quod
1085 2267 1191 2329 malim
1207 2278 1290 2348 quo-'

166 2368 215 2431 uis
237 2369 358 2432 crudeh
380 2369 533 2450 subplicio
555 2387 610 2450 pro
636 2369 686 2432 dei
707 2369 842 2433 interfici
865 2369 940 2446 filio,
965 2370 998 2431 ut
1025 2369 1166 2431 omittam
1183 2369 1281 2433 aeter·
1295 2425 1313 2448 „

126 2489 238 2537 eonem
266 2472 430 2536 beatorum
458 2471 630 2555 martyrum
662 2471 812 2553 gloriam,
849 2490 1044 2553 quocumque
1073 2489 1185 2552 genere
1215 2490 1283 2536 esee

166 2574 362 2641 moriendum
397 2573 472 2637 scio.
520 2574 600 2639 dabo
631 2574 764 2656 denique
793 2574 851 2640 tibi
882 2574 998 2637 multos
1028 2574 1133 2655 quiin
1155 2574 1281 2638 lectulis

168 2675 327 2740 crudelius
349 2676 489 2757 pereant,
521 2695 598 2758 quos
626 2677 754 2741 interior
778 2677 884 2759 aliqua
907 2677 1085 2759 suppuratio
1108 2676 1228 2739 inflauit
1252 2677 1283 2740 et

166 2796 334 2842 neruorum
357 2797 465 2842 secum
486 2779 675 2843 luctantium
699 2779 785 2845 dolor
809 2779 970 2842 contraxit.
1008 2779 1137 2842 interest
1161 2798 1197 2842 ex
1220 2799 1282 2861 qua

168 2899 273 2959 causa,
297 2901 358 2945 non
383 2900 421 2944 er
443 2900 503 2962 quo
526 2883 681 2962 pendeam
705 2883 820 2965 stipite.

126 3009 153 3048 2⁵
208 2984 313 3048 Xllll.
339 2983 421 3064 Quid
444 2984 533 3061 dicis,
557 3003 611 3048 rer
635 2985 840 3049 stultissime?
863 2984 967 3066 inique
989 2985 1020 3049 in
1036 2984 1098 3048 ista
1120 2986 1281 3068 supplicia,
1336 3072 1339 3076 A

166 3088 197 3151 in
220 3087 399 3153 huiusmodi
421 3106 556 3170 poenam
586 3089 693 3152 mittor
723 3090 794 3153 ate
818 3108 856 3151 cn
878 3089 981 3155 iuste?
1026 3090 1052 3153 si
1081 3089 1195 3171 inique,
1227 3093 1283 3153 tua

166 3190 291 3272 figentis
315 3190 373 3254 erit
396 3210 480 3269 crux,
505 3210 566 3254 non
588 3211 659 3255 mea
682 3211 774 3274 quem
796 3192 916 3269 fixeris3
949 3195 980 3268 si
1002 3194 1093 3272 iuste,
1118 3194 1209 3275 culpa
1231 3211 1280 3256 mc

166 3293 305 3360 criminis
327 3295 399 3372 mei,
423 3313 483 3358 non
507 3313 608 3376 poena
629 3296 684 3359 tua
705 3296 850 3376 torquere
865 3297 1000 3378 incipiet.
1025 3298 1163 3361 ceterum
1181 3315 1279 3378 quan-

165 3398 233 3460 tum
258 3398 298 3460 ad
321 3398 439 3462 exitum
461 3398 539 3461 nihil
560 3398 700 3477 interest,
725 3399 815 3463 clauo
836 3420 892 3481 per
913 3402 945 3464 te
970 3420 1007 3464 an
1022 3401 1132 3464 lancea
1153 3401 1277 3479 moriar,

125 3502 318 3565 corestrictis
346 3501 418 3582 post
445 3501 537 3582 terga
559 3500 703 3566 manibus
727 3521 764 3565 an
787 3504 937 3584 porrectis
962 3505 1146 3585 sparsisque,
1177 3504 1280 3567 utrum

164 3622 295 3684 pronum
323 3605 488 3668 incuruum
511 3611 556 3668 'en
584 3606 706 3668 rectum
738 3606 769 3669 et
798 3607 924 3684 editum,
955 3607 1030 3670 nihil
1058 3607 1152 3671 refert
1173 3607 1278 3672 utrum

165 3707 379 3787 quiescentem
407 3727 458 3771 me
486 3709 517 3772 in
546 3709 663 3773 lectulo
693 3710 818 3774 occidas
848 3730 886 3775 an
909 3711 1064 3773 ceruicem
1086 3711 1161 3774 mihi
1184 3711 1279 3775 stanti

264 3949 281 4000 3
299 3946 331 4000 cf.
350 3947 455 4002 Tertull.
475 3947 534 4001 adn.
548 3947 639 4005 Gnost.
658 3965 739 4020 scorp.
758 3967 778 4005 c.
797 3951 813 4003 5
831 3951 1050 4022 (H154Migne)

215 4153 346 4206 5seccari
415 4129 499 4208 ociis
517 4158 537 4223 (¹¹
554 4173 587 4210 1η.
607 4155 666 4223 cit.)
737 4156 769 4210 18
792 4160 854 4226 quot
922 4157 954 4210 23
972 4156 1045 4210 dolor
1062 4158 1172 4227 scripsi,
1191 4159 1278 4216 dolore

167 4241 205 4294 Vc
274 4241 307 4293 26
325 4247 351 4294 et
369 4241 401 4293 27
420 4242 504 4296 iustae
573 4243 605 4295 27
623 4243 672 4310 me]
691 4258 840 4310 meamet>
