2850 4754
499 390 541 443 De
558 391 649 443 sancto
667 388 813 443 Athanasio
831 388 900 444 liber
916 388 937 442 L
1240 390 1280 456 97

158 577 250 643 hodie
272 579 309 643 iu
329 577 412 663 ique,
439 582 476 643 ut
503 579 607 642 sciant
635 578 739 642 amuis
765 575 902 659 populus
930 576 991 656 ute,
1021 577 1173 658 quoniam
1194 582 1229 642 tu
1251 598 1281 642 es

158 681 307 747 domiuus
328 681 403 745 icus
426 679 529 745 Israel
543 685 572 744 et
587 699 640 763 epo
653 699 765 745 seruus
781 683 865 759 teus,
889 683 919 744 et
937 684 1066 761 propter
1087 684 1115 743 tc
1129 679 1191 760 feci
1205 679 1282 745 haec

159 803 262 864 opera
287 788 317 848 ct
339 788 374 848 tu
395 784 534 868 uersasti
555 803 609 848 cor
624 783 740 866 popuii
761 783 859 847 huius
880 786 972 848 retro.
1016 787 1044 846 ct
1066 783 1175 847 cecidit
1196 785 1282 866 ipuis

160 907 181 950 a
202 889 332 951 domiuo
354 887 392 951 de
413 886 507 965 caelo,
529 891 559 951 et
579 887 711 951 comedit
730 885 914 950 holocausta
935 888 965 949 et
985 885 1086 949 scieas
1114 889 1144 950 et
1165 906 1279 968 aquam

135 1009 240 1071 cquae
263 994 332 1054 crat
353 991 391 1053 im
406 989 519 1074 altare,
535 994 564 1054 ct
578 989 700 1070 lapides
714 994 744 1053 et
758 993 874 1054 terram
890 989 990 1054 iiuuit
1003 990 1100 1072 ipuis.
1131 994 1159 1052 et
1174 991 1284 1056 cecidit

160 1096 244 1157 totus
262 1094 404 1174 populus
426 1112 521 1174 super
541 1093 657 1174 faciem
678 1112 770 1156 suum
793 1098 821 1156 ct
842 1092 941 1158 duait.-
960 1113 1033 1157 uere
1047 1092 1193 1158 domiuus
1208 1093 1282 1158 deus

159 1195 228 1276 ipse
249 1200 294 1260 est
315 1195 399 1260 deus.
423 1194 554 1259 cteticit
575 1194 689 1259 Helias
703 1196 747 1259 aci
756 1196 931 1276 populum:
953 1196 1102 1277 suscipite
1110 1195 1283 1278 prophetas

161 1297 263 1380 Baal,
287 1318 376 1362 uemo
398 1299 440 1362 sit
455 1297 565 1362 suiuus
580 1318 618 1361 eu
632 1298 710 1362 iliis.
740 1302 768 1362 et
790 1298 1087 1379 susceperuutiiios,
1110 1304 1140 1363 ct
1152 1300 1283 1365 deducit

161 1400 234 1465 iilos
255 1400 371 1466 Helias
393 1403 436 1467 ad
464 1406 631 1467 torrentem
660 1401 757 1467 Oisou
784 1403 947 1466 ctoccidit
968 1401 1040 1468 ilus
1061 1403 1118 1485 ibi,
1149 1408 1179 1468 et
1199 1403 1285 1468 utcu

125 1519 149 1559 1⁰
161 1505 205 1568 ud
227 1503 356 1568 Achab:
377 1504 539 1569 manduca
561 1499 680 1586 abibe,
703 1505 856 1586 quereiam
876 1524 940 1569 uou
954 1507 1125 1587 estpedum
1134 1507 1281 1588 pluuiae.

161 1611 190 1671 ct
212 1607 353 1671 asceudit
368 1607 485 1690 Achab,
509 1612 544 1672 ut
559 1607 767 1672 manducaret
781 1612 810 1671 et
826 1608 948 1673 miseret.
970 1613 999 1673 ct
1013 1610 1128 1675 Helias
1142 1611 1284 1675 ascendit

161 1712 198 1774 iu
222 1710 412 1792 Carmelum,
446 1716 475 1776 ct
502 1711 676 1775 iuciiuauit
703 1730 734 1775 se
763 1711 800 1774 iu
822 1714 940 1775 terram
974 1716 1003 1775 et
1028 1713 1138 1793 posuit
1166 1713 1282 1794 facicm

160 1832 253 1877 suam
274 1814 360 1878 iuter
384 1834 488 1896 persua
515 1819 543 1878 et
570 1815 656 1879 dicit
687 1835 783 1896 puero
808 1832 879 1878 suo:
913 1819 1045 1879 ascende
1079 1819 1109 1877 ct
1137 1817 1284 1896 prospice

161 1917 251 1980 utum
273 1917 385 1981 maris.
428 1921 458 1981 ct
478 1918 616 1999 respexit
636 1938 726 2000 puer,
756 1922 784 1981 et
806 1916 891 1981 dicit
907 1935 1009 1997 puer:
1036 1937 1100 1981 mou
1121 1926 1166 1982 est
1186 1917 1281 1982 uitii.

125 2032 149 2071 1⁵
162 2020 341 2103 circumapc
362 2024 390 2084 te
411 2020 530 2101 septies.
566 2025 594 2085 ct
623 2020 745 2101 factum
766 2025 811 2086 est
832 2021 869 2084 iu
890 2022 1030 2103 septimo,
1054 2026 1082 2086 et
1104 2041 1168 2086 ecce
1190 2022 1284 2086 uubis

158 2123 283 2203 pusilla
309 2124 402 2205 quasi
429 2124 599 2207 uestipium
626 2123 766 2189 homimis
794 2125 953 2193 adduceres
982 2146 1102 2209 aquam
1128 2125 1166 2190 de
1187 2126 1283 2191 mari.

162 2230 192 2290 et
212 2226 296 2291 dicit
316 2226 370 2290 iiii
391 2226 521 2291 Helias:
551 2228 682 2292 asceude
710 2232 739 2291 et
759 2228 811 2293 dic
826 2229 871 2294 ad
886 2228 1014 2294 Achab:
1035 2229 1131 2312 iuupe
1153 2248 1284 2293 currum

164 2333 253 2393 tuum
276 2334 304 2394 et
327 2331 471 2410 asceudc,
505 2350 545 2396 ue
574 2330 806 2413 coupreteudat
828 2333 1000 2414 tepiuuiu.
1045 2337 1074 2396 ct
1094 2331 1215 2412 fuctum
1238 2336 1284 2396 est

163 2431 239 2496 iiiuc
262 2437 291 2496 et
311 2433 396 2507 iude,
419 2438 448 2498 et
470 2434 592 2497 caetum
614 2433 879 2498 conteuebricauit
901 2434 1033 2499 mutibus
1062 2438 1092 2497 et
1118 2435 1231 2515 ueutis,
1255 2438 1285 2498 et

127 2553 152 2593 so
164 2537 253 2617 fucta
274 2541 319 2600 est
334 2537 457 2617 pluuia
479 2557 607 2619 mapua.
631 2541 658 2600 et
676 2537 828 2616 plorabat
849 2541 879 2601 et
898 2537 964 2601 ibat
985 2536 1095 2602 Achab
1117 2537 1154 2600 iu
1168 2536 1282 2620 Israel,

164 2643 193 2703 et
214 2659 330 2703 mamus
351 2640 474 2705 domiui
496 2643 566 2703 erat
587 2640 623 2702 iu
646 2640 787 2704 Helium.

207 2741 324 2806 XVIII.
350 2741 521 2825 Cognoscis
542 2743 575 2806 in
598 2762 660 2824 qua
681 2742 888 2823 peruersitate
903 2741 996 2806 hodie
1018 2743 1055 2805 tu
1077 2742 1120 2806 sis
1142 2759 1282 2822 manens,

163 2845 195 2941 irr
219 2864 281 2926 qus
303 2846 454 2910 manserit
477 2846 509 2909 et
530 2845 655 2919 Achab3
687 2843 726 2908 de
753 2844 849 2908 tantis
880 2844 995 2908 etenim
1024 2844 1121 2925 signis
1151 2861 1187 2907 ee
1210 2862 1284 2925 pro·
1418 2926 1421 2929 Δ

166 2947 260 3030 digiis
284 2948 429 3013 exhibitIs
452 2968 512 3013 non
536 2948 683 3031 dIgnatur
705 2948 844 3030 gaudere
867 2965 938 3010 oum
960 2946 1084 3028 populo,
1108 2946 1164 3010 sed
1188 2945 1283 3024 dolet,

127 3061 153 3102 ²⁵
165 3070 222 3115 cur
235 3051 347 3116 Helias
364 3051 546 3116 sacerdotes
566 3070 601 3115 ac
617 3050 785 3133 prophetas
800 3048 895 3113 fuerit
908 3048 1064 3114 idolorum
1080 3067 1174 3114 ausus
1189 3049 1284 3113 inter-

165 3153 270 3232 ficere,
301 3173 358 3218 nec
381 3155 452 3237 post
473 3155 562 3218 tanta
585 3153 731 3235 dignatur
760 3151 858 3216 semet
880 3151 1003 3216 uertere
1033 3150 1073 3215 ad
1096 3152 1199 3229 deum,
1229 3151 1286 3215 sed

164 3257 266 3339 magis
291 3257 392 3321 adhue
417 3258 483 3321 eius
505 3256 702 3338 persequitur
725 3254 886 3318 cultorem.
930 3254 1019 3318 uidet
1041 3254 1114 3336 quia
1137 3254 1185 3318 est
1207 3253 1285 3316 deus

164 3359 196 3422 in
218 3359 322 3437 Helia,
347 3361 379 3423 et
399 3359 502 3441 magis
526 3358 648 3440 quaerit
672 3360 738 3421 eius
762 3357 906 3421 animam.
952 3357 1103 3439 conspicit
1117 3356 1284 3437 prophetas

165 3462 246 3526 Baal
272 3462 304 3526 et
325 3461 467 3526 lucorum
489 3460 586 3525 fuisse
611 3460 844 3525 daemoniorum
868 3459 1014 3541 cultores,
1039 3460 1070 3522 et
1090 3458 1161 3523 illos
1182 3457 1284 3538 magis

129 3580 153 3620 to
167 3565 263 3628 etiam
287 3564 439 3628 extinctos
463 3563 567 3645 ‹Iih'git
590 3581 683 3644 quam
708 3581 778 3628 eum
801 3582 894 3645 quem
915 3562 964 3626 tot
980 3561 1083 3626 modis
1105 3559 1286 3625 aduerterat

167 3666 218 3731 dei
241 3666 459 3731 domesticum.
482 3665 529 3729 ita
551 3666 583 3729 et
603 3666 638 3729 tu
656 3684 708 3730 eos
733 3665 870 3748 dignaris
894 3665 1023 3747 diligere
1047 3682 1123 3745 quos
1145 3663 1285 3728 haeresIs
1320 3674 1325 3687 ’

166 3768 317 3833 Arrianae
340 3768 446 3833 sectae
468 3767 560 3833 uides
581 3768 722 3832 homines
747 3768 778 3831 et
802 3786 835 3834 es
858 3768 909 3832 dei
932 3767 1068 3832 cultores
1084 3786 1178 3849 quam
1194 3785 1292 3831 acer--

217 3973 414 4027 8dedu1erunt
494 3974 558 4027 9st
575 3978 643 4027 m.1
724 3972 757 4025 10
776 3938 840 4041 acsi
859 3971 880 4037 (b
898 3990 931 4027 m.
951 3975 1014 4041 rec.)
1104 3977 1134 4029 ll
1154 3976 1224 4074 acab

165 4075 200 4128 20
216 4075 298 4130 Israel
319 4078 366 4139 Vo,
383 4071 495 4144 Ἰεζράελ
512 4074 599 4128 LXX
684 4073 718 4126 22
734 4075 762 4127 in
781 4090 813 4128 cs
830 4075 891 4143 quis
908 4075 976 4141 fort.
1063 4078 1096 4132 23
1114 4081 1198 4149 asaph
1217 4082 1236 4150 (Β
1254 4100 1289 4138 m.

166 4214 229 4280 ru.)
333 4211 367 4264 24
385 4211 489 4266 exisses
539 4252 541 4257 ,
591 4210 624 4263 25
643 4158 687 4264 031
702 4193 732 4278 (I
747 4228 780 4265 u.
798 4212 863 4278 rec.)
963 4212 1091 4269 reoromm
1107 4215 1220 4271 sessu

166 4297 199 4352 29
216 4297 298 4351 bahal
366 4298 397 4351 31
416 4297 540 4369 hoeresIs]
558 4298 664 4351 haerere
682 4298 748 4364 fort.

217 4399 298 4463 11111
1180 4405 1199 4456 ‘t
