<?xml version="1.0" encoding="UTF-8"?>
<!DOCTYPE html PUBLIC "-//W3C//DTD XHTML 1.0 Transitional//EN"
    "http://www.w3.org/TR/xhtml1/DTD/xhtml1-transitional.dtd">
<html xmlns="http://www.w3.org/1999/xhtml" xml:lang="en" lang="en">
 <head>
  <title>
</title>
<meta http-equiv="Content-Type" content="text/html;charset=utf-8" />
  <meta name='ocr-system' content='tesseract 3.04.00' />
  <meta name='ocr-capabilities' content='ocr_page ocr_carea ocr_par ocr_line ocrx_word'/>
</head>
<body>
  <div class='ocr_page' id='page_1' title='image "./lucifericalarit00lucigoog_0379.png"; bbox 0 0 2850 4754; ppageno 0'>
   <div class='ocr_carea' id='block_1_1' title="bbox 131 332 819 462">
    <p class='ocr_par' dir='ltr' id='par_1_1' title="bbox 131 332 819 462">
     <span class='ocr_line' id='line_1_1' title="bbox 131 332 819 462; baseline -0.023 0"><span class='ocrx_word' id='word_1_1' title='bbox 131 397 194 462; x_wconf 70' lang='lat'>326</span> <span class='ocrx_word' id='word_1_2' title='bbox 338 391 342 399; x_wconf 71' lang='grc'>’</span> <span class='ocrx_word' id='word_1_3' title='bbox 509 332 512 337; x_wconf 15' lang='lat'><em>⁴</em></span> <span class='ocrx_word' id='word_1_4' title='bbox 619 393 764 449; x_wconf 78' lang='lat' dir='ltr'>Luciferi</span> <span class='ocrx_word' id='word_1_5' title='bbox 814 405 819 414; x_wconf 86' lang='lat'>·</span> 
     </span>
    </p>
   </div>
   <div class='ocr_carea' id='block_1_2' title="bbox 99 583 1308 3445">
    <p class='ocr_par' dir='ltr' id='par_1_2' title="bbox 99 583 1308 3445">
     <span class='ocr_line' id='line_1_2' title="bbox 130 583 1245 666; baseline -0.001 -18"><span class='ocrx_word' id='word_1_6' title='bbox 130 585 218 649; x_wconf 86' lang='lat' dir='ltr'>tanto</span> <span class='ocrx_word' id='word_1_7' title='bbox 240 584 342 666; x_wconf 86' lang='lat' dir='ltr'>magis</span> <span class='ocrx_word' id='word_1_8' title='bbox 364 584 532 666; x_wconf 74' lang='lat' dir='ltr'><strong>participes</strong></span> <span class='ocrx_word' id='word_1_9' title='bbox 555 583 774 665; x_wconf 88' lang='lat' dir='ltr'>prophetarum</span> <span class='ocrx_word' id='word_1_10' title='bbox 797 583 989 648; x_wconf 82' lang='lat' dir='ltr'>confessores</span> <span class='ocrx_word' id='word_1_11' title='bbox 1012 584 1045 647; x_wconf 92' lang='lat' dir='ltr'>et</span> <span class='ocrx_word' id='word_1_12' title='bbox 1066 583 1245 647; x_wconf 82' lang='lat' dir='ltr'>marimete</span> 
     </span>
     <span class='ocr_line' id='line_1_3' title="bbox 133 685 1245 770; baseline -0.001 -19"><span class='ocrx_word' id='word_1_13' title='bbox 133 687 289 770; x_wconf 90' lang='lat' dir='ltr'>appellare</span> <span class='ocrx_word' id='word_1_14' title='bbox 314 686 442 768; x_wconf 89' lang='lat' dir='ltr'>dignum</span> <span class='ocrx_word' id='word_1_15' title='bbox 465 686 521 752; x_wconf 87' lang='lat' dir='ltr'>est.</span> <span class='ocrx_word' id='word_1_16' title='bbox 546 685 639 751; x_wconf 93' lang='lat' dir='ltr'>crede</span> <span class='ocrx_word' id='word_1_17' title='bbox 662 686 748 763; x_wconf 82' lang='lat' dir='ltr'>mihi,</span> <span class='ocrx_word' id='word_1_18' title='bbox 771 685 905 763; x_wconf 77' lang='lat' dir='ltr'>Luciier,</span> <span class='ocrx_word' id='word_1_19' title='bbox 928 705 988 751; x_wconf 91' lang='lat' dir='ltr'>non</span> <span class='ocrx_word' id='word_1_20' title='bbox 1010 692 1045 750; x_wconf 86' lang='lat' dir='ltr'>tn</span> <span class='ocrx_word' id='word_1_21' title='bbox 1069 686 1154 752; x_wconf 78' lang='lat' dir='ltr'>sotus</span> <span class='ocrx_word' id='word_1_22' title='bbox 1171 687 1245 751; x_wconf 87' lang='lat' dir='ltr'>haec</span> 
     </span>
     <span class='ocr_line' id='line_1_4' title="bbox 130 789 1246 871; baseline 0.001 -18"><span class='ocrx_word' id='word_1_23' title='bbox 130 791 256 855; x_wconf 86' lang='lat' dir='ltr'>locutus</span> <span class='ocrx_word' id='word_1_24' title='bbox 280 809 322 868; x_wconf 86' lang='lat' dir='ltr'>es,</span> <span class='ocrx_word' id='word_1_25' title='bbox 347 789 403 854; x_wconf 92' lang='lat' dir='ltr'>sed</span> <span class='ocrx_word' id='word_1_26' title='bbox 426 790 552 871; x_wconf 88' lang='lat' dir='ltr'>spiritus</span> <span class='ocrx_word' id='word_1_27' title='bbox 575 791 702 854; x_wconf 89' lang='lat' dir='ltr'>sanctus</span> <span class='ocrx_word' id='word_1_28' title='bbox 724 790 839 853; x_wconf 91' lang='lat' dir='ltr'>tecum.</span> <span class='ocrx_word' id='word_1_29' title='bbox 862 790 944 856; x_wconf 88' lang='lat' dir='ltr'>unde</span> <span class='ocrx_word' id='word_1_30' title='bbox 966 791 1044 855; x_wconf 84' lang='lat' dir='ltr'>haee</span> <span class='ocrx_word' id='word_1_31' title='bbox 1067 791 1157 855; x_wconf 83' lang='lat' dir='ltr'>tanta</span> <span class='ocrx_word' id='word_1_32' title='bbox 1178 809 1246 855; x_wconf 90' lang='lat' dir='ltr'>me-</span> 
     </span>
     <span class='ocr_line' id='line_1_5' title="bbox 131 892 1247 975; baseline 0 -18"><span class='ocrx_word' id='word_1_33' title='bbox 131 893 230 957; x_wconf 90' lang='lat' dir='ltr'>moria</span> <span class='ocrx_word' id='word_1_34' title='bbox 266 893 505 975; x_wconf 86' lang='lat' dir='ltr'>scripturarum,</span> <span class='ocrx_word' id='word_1_35' title='bbox 539 892 622 956; x_wconf 91' lang='lat' dir='ltr'>unde</span> <span class='ocrx_word' id='word_1_36' title='bbox 656 911 766 958; x_wconf 87' lang='lat' dir='ltr'>sensus</span> <span class='ocrx_word' id='word_1_37' title='bbox 799 893 832 957; x_wconf 88' lang='lat' dir='ltr'>et</span> <span class='ocrx_word' id='word_1_38' title='bbox 864 893 1044 958; x_wconf 84' lang='lat' dir='ltr'>intellectus</span> <span class='ocrx_word' id='word_1_39' title='bbox 1080 892 1247 959; x_wconf 77' lang='lat' dir='ltr'>earundem</span> 
     </span>
     <span class='ocr_line' id='line_1_6' title="bbox 129 980 1277 1078; baseline 0 -18"><span class='ocrx_word' id='word_1_40' title='bbox 129 997 274 1078; x_wconf 76' lang='lat' dir='ltr'>integer?</span> <span class='ocrx_word' id='word_1_41' title='bbox 318 994 400 1060; x_wconf 90' lang='lat' dir='ltr'>unde</span> <span class='ocrx_word' id='word_1_42' title='bbox 422 995 496 1060; x_wconf 84' lang='lat' dir='ltr'>telis</span> <span class='ocrx_word' id='word_1_43' title='bbox 519 995 595 1060; x_wconf 81' lang='lat' dir='ltr'>ordo</span> <span class='ocrx_word' id='word_1_44' title='bbox 625 996 777 1060; x_wconf 89' lang='lat' dir='ltr'>sermonis</span> <span class='ocrx_word' id='word_1_45' title='bbox 799 997 1012 1078; x_wconf 78' lang='lat' dir='ltr'>compositus?</span> <span class='ocrx_word' id='word_1_46' title='bbox 1056 996 1140 1061; x_wconf 88' lang='lat' dir='ltr'>unde</span> <span class='ocrx_word' id='word_1_47' title='bbox 1162 980 1277 1061; x_wconf 75' lang='lat' dir='ltr'>tantas</span> 
     </span>
     <span class='ocr_line' id='line_1_7' title="bbox 133 1098 1248 1167; baseline -0.001 -2"><span class='ocrx_word' id='word_1_48' title='bbox 133 1102 330 1167; x_wconf 85' lang='lat' dir='ltr'>hortamenta</span> <span class='ocrx_word' id='word_1_49' title='bbox 351 1101 381 1164; x_wconf 89' lang='lat' dir='ltr'>in</span> <span class='ocrx_word' id='word_1_50' title='bbox 404 1100 489 1164; x_wconf 86' lang='lat' dir='ltr'>niam</span> <span class='ocrx_word' id='word_1_51' title='bbox 512 1098 705 1165; x_wconf 72' lang='lat' dir='ltr'>caelestem?</span> <span class='ocrx_word' id='word_1_52' title='bbox 727 1099 809 1164; x_wconf 91' lang='lat' dir='ltr'>unde</span> <span class='ocrx_word' id='word_1_53' title='bbox 832 1098 950 1164; x_wconf 79' lang='lat' dir='ltr'>fiducia</span> <span class='ocrx_word' id='word_1_54' title='bbox 963 1100 1074 1164; x_wconf 87' lang='lat' dir='ltr'>contra</span> <span class='ocrx_word' id='word_1_55' title='bbox 1090 1099 1248 1164; x_wconf 85' lang='lat' dir='ltr'>diabolum</span> 
     </span>
     <span class='ocr_line' id='line_1_8' title="bbox 99 1202 1248 1286; baseline -0.003 -17"><span class='ocrx_word' id='word_1_56' title='bbox 99 1204 103 1213; x_wconf 88' lang='lat'>&#39;</span> <span class='ocrx_word' id='word_1_57' title='bbox 134 1205 166 1269; x_wconf 85' lang='lat' dir='ltr'>et</span> <span class='ocrx_word' id='word_1_58' title='bbox 187 1204 385 1286; x_wconf 86' lang='lat' dir='ltr'>probationes</span> <span class='ocrx_word' id='word_1_59' title='bbox 409 1205 560 1268; x_wconf 86' lang='lat' dir='ltr'>aduersus</span> <span class='ocrx_word' id='word_1_60' title='bbox 582 1203 768 1279; x_wconf 85' lang='lat' dir='ltr'>haereticos,</span> <span class='ocrx_word' id='word_1_61' title='bbox 798 1203 859 1268; x_wconf 88' lang='lat' dir='ltr'>nisi</span> <span class='ocrx_word' id='word_1_62' title='bbox 879 1202 1011 1284; x_wconf 86' lang='lat' dir='ltr'>spiritus-</span> <span class='ocrx_word' id='word_1_63' title='bbox 1030 1202 1160 1267; x_wconf 83' lang='lat' dir='ltr'>sanctas</span> <span class='ocrx_word' id='word_1_64' title='bbox 1181 1202 1248 1267; x_wconf 82' lang='lat' dir='ltr'>coi-</span> 
     </span>
     <span class='ocr_line' id='line_1_9' title="bbox 131 1305 1246 1390; baseline -0.001 -20"><span class='ocrx_word' id='word_1_65' title='bbox 131 1307 255 1372; x_wconf 90' lang='lat' dir='ltr'>locatus</span> <span class='ocrx_word' id='word_1_66' title='bbox 279 1308 362 1372; x_wconf 86' lang='lat' dir='ltr'>esset</span> <span class='ocrx_word' id='word_1_67' title='bbox 384 1307 416 1372; x_wconf 91' lang='lat' dir='ltr'>in</span> <span class='ocrx_word' id='word_1_68' title='bbox 438 1308 493 1372; x_wconf 79' lang='lat' dir='ltr'>te?</span> <span class='ocrx_word' id='word_1_69' title='bbox 515 1306 619 1390; x_wconf 82' lang='lat' dir='ltr'>gaude</span> <span class='ocrx_word' id='word_1_70' title='bbox 641 1307 737 1390; x_wconf 87' lang='lat' dir='ltr'>igitur</span> <span class='ocrx_word' id='word_1_71' title='bbox 759 1307 790 1370; x_wconf 89' lang='lat' dir='ltr'>in</span> <span class='ocrx_word' id='word_1_72' title='bbox 807 1325 843 1372; x_wconf 89' lang='lat' dir='ltr'>eo</span> <span class='ocrx_word' id='word_1_73' title='bbox 857 1307 890 1370; x_wconf 89' lang='lat' dir='ltr'>te</span> <span class='ocrx_word' id='word_1_74' title='bbox 907 1324 977 1370; x_wconf 89' lang='lat' dir='ltr'>esse</span> <span class='ocrx_word' id='word_1_75' title='bbox 991 1306 1055 1370; x_wconf 87' lang='lat' dir='ltr'>iam</span> <span class='ocrx_word' id='word_1_76' title='bbox 1070 1305 1246 1387; x_wconf 79' lang='lat' dir='ltr'>peruidcns,</span> 
     </span>
     <span class='ocr_line' id='line_1_10' title="bbox 131 1409 1248 1494; baseline 0 -21"><span class='ocrx_word' id='word_1_77' title='bbox 131 1410 162 1474; x_wconf 94' lang='lat' dir='ltr'>in</span> <span class='ocrx_word' id='word_1_78' title='bbox 186 1429 246 1491; x_wconf 88' lang='lat' dir='ltr'>quo</span> <span class='ocrx_word' id='word_1_79' title='bbox 270 1410 364 1474; x_wconf 84' lang='lat' dir='ltr'>etiarn</span> <span class='ocrx_word' id='word_1_80' title='bbox 386 1409 645 1492; x_wconf 88' lang='lat' dir='ltr'>praedecessores</span> <span class='ocrx_word' id='word_1_81' title='bbox 665 1410 713 1474; x_wconf 89' lang='lat' dir='ltr'>tni</span> <span class='ocrx_word' id='word_1_82' title='bbox 734 1428 814 1474; x_wconf 90' lang='lat' dir='ltr'>nunc</span> <span class='ocrx_word' id='word_1_83' title='bbox 839 1410 911 1474; x_wconf 89' lang='lat' dir='ltr'>sunt</span> <span class='ocrx_word' id='word_1_84' title='bbox 932 1409 1099 1494; x_wconf 66' lang='lat' dir='ltr'>martyres,⁴</span> <span class='ocrx_word' id='word_1_85' title='bbox 1120 1410 1179 1474; x_wconf 85' lang='lat' dir='ltr'>hoc</span> <span class='ocrx_word' id='word_1_86' title='bbox 1202 1409 1248 1473; x_wconf 83' lang='lat' dir='ltr'>est</span> 
     </span>
     <span class='ocr_line' id='line_1_11' title="bbox 130 1512 1279 1595; baseline -0.001 -20"><span class='ocrx_word' id='word_1_87' title='bbox 130 1513 163 1577; x_wconf 94' lang='lat' dir='ltr'>in</span> <span class='ocrx_word' id='word_1_88' title='bbox 186 1513 280 1577; x_wconf 87' lang='lat' dir='ltr'>choro</span> <span class='ocrx_word' id='word_1_89' title='bbox 304 1512 495 1594; x_wconf 88' lang='lat' dir='ltr'>angelorum.</span> <span class='ocrx_word' id='word_1_90' title='bbox 519 1513 694 1595; x_wconf 84' lang='lat' dir='ltr'>gaudemus</span> <span class='ocrx_word' id='word_1_91' title='bbox 716 1513 812 1577; x_wconf 86' lang='lat' dir='ltr'>etiam</span> <span class='ocrx_word' id='word_1_92' title='bbox 834 1532 890 1578; x_wconf 90' lang='lat' dir='ltr'>nos</span> <span class='ocrx_word' id='word_1_93' title='bbox 912 1512 1066 1578; x_wconf 85' lang='lat' dir='ltr'>hebentes</span> <span class='ocrx_word' id='word_1_94' title='bbox 1084 1513 1119 1576; x_wconf 91' lang='lat' dir='ltr'>te</span> <span class='ocrx_word' id='word_1_95' title='bbox 1143 1524 1279 1575; x_wconf 49' lang='lat' dir='ltr'>eremas</span> 
     </span>
     <span class='ocr_line' id='line_1_12' title="bbox 132 1613 1247 1697; baseline 0 -19"><span class='ocrx_word' id='word_1_96' title='bbox 132 1614 218 1696; x_wconf 87' lang='lat' dir='ltr'>plum</span> <span class='ocrx_word' id='word_1_97' title='bbox 240 1613 367 1679; x_wconf 85' lang='lat' dir='ltr'>uirtutis</span> <span class='ocrx_word' id='word_1_98' title='bbox 389 1615 560 1696; x_wconf 86' lang='lat' dir='ltr'>patientiae</span> <span class='ocrx_word' id='word_1_99' title='bbox 583 1616 615 1680; x_wconf 88' lang='lat' dir='ltr'>ct</span> <span class='ocrx_word' id='word_1_100' title='bbox 635 1615 801 1681; x_wconf 85' lang='lat' dir='ltr'>libertatis.</span> <span class='ocrx_word' id='word_1_101' title='bbox 824 1635 897 1680; x_wconf 92' lang='lat' dir='ltr'>nam</span> <span class='ocrx_word' id='word_1_102' title='bbox 920 1615 959 1680; x_wconf 91' lang='lat' dir='ltr'>de</span> <span class='ocrx_word' id='word_1_103' title='bbox 981 1615 1029 1679; x_wconf 88' lang='lat' dir='ltr'>hie</span> <span class='ocrx_word' id='word_1_104' title='bbox 1052 1633 1134 1697; x_wconf 88' lang='lat' dir='ltr'>quae</span> <span class='ocrx_word' id='word_1_105' title='bbox 1150 1614 1247 1696; x_wconf 85' lang='lat' dir='ltr'>scrip-</span> 
     </span>
     <span class='ocr_line' id='line_1_13' title="bbox 133 1715 1249 1800; baseline 0 -20"><span class='ocrx_word' id='word_1_106' title='bbox 133 1715 203 1781; x_wconf 87' lang='lat' dir='ltr'>sisti</span> <span class='ocrx_word' id='word_1_107' title='bbox 234 1716 273 1780; x_wconf 90' lang='lat' dir='ltr'>de</span> <span class='ocrx_word' id='word_1_108' title='bbox 300 1716 424 1782; x_wconf 89' lang='lat' dir='ltr'>nomine</span> <span class='ocrx_word' id='word_1_109' title='bbox 457 1736 528 1782; x_wconf 89' lang='lat' dir='ltr'>meo</span> <span class='ocrx_word' id='word_1_110' title='bbox 563 1719 712 1784; x_wconf 86' lang='lat' dir='ltr'>erubesco</span> <span class='ocrx_word' id='word_1_111' title='bbox 742 1717 859 1800; x_wconf 83' lang='lat' dir='ltr'>aliquid</span> <span class='ocrx_word' id='word_1_112' title='bbox 887 1718 1039 1800; x_wconf 81' lang='lat' dir='ltr'>proferre,</span> <span class='ocrx_word' id='word_1_113' title='bbox 1073 1736 1112 1781; x_wconf 93' lang='lat' dir='ltr'>ne</span> <span class='ocrx_word' id='word_1_114' title='bbox 1141 1716 1249 1780; x_wconf 85' lang='lat' dir='ltr'>uidear</span> 
     </span>
     <span class='ocr_line' id='line_1_14' title="bbox 134 1818 1248 1903; baseline 0.001 -21"><span class='ocrx_word' id='word_1_115' title='bbox 134 1818 299 1895; x_wconf 63' lang='grc' dir='ltr'>1111111111οῃΔ</span> <span class='ocrx_word' id='word_1_116' title='bbox 331 1819 387 1884; x_wconf 92' lang='lat' dir='ltr'>sed</span> <span class='ocrx_word' id='word_1_117' title='bbox 410 1820 475 1885; x_wconf 84' lang='lat' dir='ltr'>scio</span> <span class='ocrx_word' id='word_1_118' title='bbox 506 1821 538 1885; x_wconf 93' lang='lat' dir='ltr'>et</span> <span class='ocrx_word' id='word_1_119' title='bbox 559 1820 653 1885; x_wconf 93' lang='lat' dir='ltr'>credo</span> <span class='ocrx_word' id='word_1_120' title='bbox 675 1821 777 1902; x_wconf 79' lang='lat' dir='ltr'>ipsum</span> <span class='ocrx_word' id='word_1_121' title='bbox 807 1821 976 1899; x_wconf 85' lang='lat' dir='ltr'>dominum,</span> <span class='ocrx_word' id='word_1_122' title='bbox 1011 1819 1065 1903; x_wconf 88' lang='lat' dir='ltr'>qui</span> <span class='ocrx_word' id='word_1_123' title='bbox 1087 1820 1248 1884; x_wconf 86' lang='lat' dir='ltr'>sanctoet</span> 
     </span>
     <span class='ocr_line' id='line_1_15' title="bbox 132 1921 1248 2003; baseline 0.003 -20"><span class='ocrx_word' id='word_1_124' title='bbox 132 1921 278 2003; x_wconf 90' lang='lat' dir='ltr'>religioso</span> <span class='ocrx_word' id='word_1_125' title='bbox 302 1923 403 1987; x_wconf 91' lang='lat' dir='ltr'>animo</span> <span class='ocrx_word' id='word_1_126' title='bbox 418 1922 474 1988; x_wconf 88' lang='lat' dir='ltr'>tuo</span> <span class='ocrx_word' id='word_1_127' title='bbox 488 1923 644 1989; x_wconf 82' lang='lat' dir='ltr'>reuelenit</span> <span class='ocrx_word' id='word_1_128' title='bbox 659 1941 783 1987; x_wconf 91' lang='lat' dir='ltr'>omnem</span> <span class='ocrx_word' id='word_1_129' title='bbox 798 1923 951 2001; x_wconf 79' lang='lat' dir='ltr'>notitiam,</span> <span class='ocrx_word' id='word_1_130' title='bbox 973 1922 1172 1988; x_wconf 89' lang='lat' dir='ltr'>redditurum</span> <span class='ocrx_word' id='word_1_131' title='bbox 1193 1922 1248 1987; x_wconf 86' lang='lat' dir='ltr'>tibi</span> 
     </span>
     <span class='ocr_line' id='line_1_16' title="bbox 134 2023 1279 2108; baseline -0.004 -20"><span class='ocrx_word' id='word_1_132' title='bbox 134 2023 229 2088; x_wconf 88' lang='lat' dir='ltr'>etiam</span> <span class='ocrx_word' id='word_1_133' title='bbox 240 2043 295 2105; x_wconf 93' lang='lat' dir='ltr'>pro</span> <span class='ocrx_word' id='word_1_134' title='bbox 303 2029 361 2090; x_wconf 91' lang='lat' dir='ltr'>hec</span> <span class='ocrx_word' id='word_1_135' title='bbox 373 2025 480 2090; x_wconf 90' lang='lat' dir='ltr'>labore</span> <span class='ocrx_word' id='word_1_136' title='bbox 492 2026 666 2107; x_wconf 89' lang='lat' dir='ltr'>praemium</span> <span class='ocrx_word' id='word_1_137' title='bbox 677 2025 709 2090; x_wconf 94' lang='lat' dir='ltr'>in</span> <span class='ocrx_word' id='word_1_138' title='bbox 720 2044 816 2108; x_wconf 91' lang='lat' dir='ltr'>regno</span> <span class='ocrx_word' id='word_1_139' title='bbox 829 2026 996 2091; x_wconf 79' lang='lat' dir='ltr'>caelorum.</span> <span class='ocrx_word' id='word_1_140' title='bbox 1010 2025 1084 2107; x_wconf 88' lang='lat' dir='ltr'>qnia</span> <span class='ocrx_word' id='word_1_141' title='bbox 1096 2024 1249 2107; x_wconf 79' lang='lat' dir='ltr'>ergothis</span> <span class='ocrx_word' id='word_1_142' title='bbox 1259 2041 1279 2083; x_wconf 83' lang='lat' dir='ltr'>c</span> 
     </span>
     <span class='ocr_line' id='line_1_17' title="bbox 133 2127 1248 2214; baseline -0.002 -21"><span class='ocrx_word' id='word_1_143' title='bbox 133 2148 176 2208; x_wconf 80' lang='lat' dir='ltr'>es,</span> <span class='ocrx_word' id='word_1_144' title='bbox 200 2128 395 2210; x_wconf 76' lang='lat' dir='ltr'>precatorem</span> <span class='ocrx_word' id='word_1_145' title='bbox 415 2129 448 2193; x_wconf 92' lang='lat' dir='ltr'>te</span> <span class='ocrx_word' id='word_1_146' title='bbox 472 2147 541 2193; x_wconf 90' lang='lat' dir='ltr'>esse</span> <span class='ocrx_word' id='word_1_147' title='bbox 563 2147 619 2210; x_wconf 91' lang='lat' dir='ltr'>pro</span> <span class='ocrx_word' id='word_1_148' title='bbox 633 2128 723 2193; x_wconf 91' lang='lat' dir='ltr'>nobis</span> <span class='ocrx_word' id='word_1_149' title='bbox 744 2147 799 2210; x_wconf 87' lang='lat' dir='ltr'>per</span> <span class='ocrx_word' id='word_1_150' title='bbox 822 2128 976 2193; x_wconf 89' lang='lat' dir='ltr'>orationes</span> <span class='ocrx_word' id='word_1_151' title='bbox 995 2127 1073 2214; x_wconf 85' lang='lat' dir='ltr'>&lt;ed&gt;</span> <span class='ocrx_word' id='word_1_152' title='bbox 1090 2127 1248 2192; x_wconf 83' lang='lat' dir='ltr'>dominum</span> 
     </span>
     <span class='ocr_line' id='line_1_18' title="bbox 132 2230 1249 2314; baseline -0.002 -18"><span class='ocrx_word' id='word_1_153' title='bbox 132 2231 278 2314; x_wconf 87' lang='lat' dir='ltr'>petimus,</span> <span class='ocrx_word' id='word_1_154' title='bbox 302 2233 338 2294; x_wconf 89' lang='lat' dir='ltr'>ut</span> <span class='ocrx_word' id='word_1_155' title='bbox 359 2231 423 2295; x_wconf 87' lang='lat' dir='ltr'>iem</span> <span class='ocrx_word' id='word_1_156' title='bbox 445 2231 597 2312; x_wconf 88' lang='lat' dir='ltr'>inspicere</span> <span class='ocrx_word' id='word_1_157' title='bbox 622 2230 776 2312; x_wconf 77' lang='lat' dir='ltr'>dignetur,</span> <span class='ocrx_word' id='word_1_158' title='bbox 805 2231 842 2307; x_wconf 86' lang='lat' dir='ltr'>nt</span> <span class='ocrx_word' id='word_1_159' title='bbox 864 2232 913 2295; x_wconf 89' lang='lat' dir='ltr'>eet</span> <span class='ocrx_word' id='word_1_160' title='bbox 933 2230 1121 2307; x_wconf 72' lang='lat' dir='ltr'>misericors,</span> <span class='ocrx_word' id='word_1_161' title='bbox 1146 2230 1249 2294; x_wconf 86' lang='lat' dir='ltr'>eccle-</span> 
     </span>
     <span class='ocr_line' id='line_1_19' title="bbox 131 2332 1248 2414; baseline -0.003 -15"><span class='ocrx_word' id='word_1_162' title='bbox 131 2335 213 2399; x_wconf 88' lang='lat' dir='ltr'>siam</span> <span class='ocrx_word' id='word_1_163' title='bbox 236 2334 425 2398; x_wconf 84' lang='lat' dir='ltr'>catholicam</span> <span class='ocrx_word' id='word_1_164' title='bbox 457 2333 489 2398; x_wconf 90' lang='lat' dir='ltr'>et</span> <span class='ocrx_word' id='word_1_165' title='bbox 517 2333 628 2414; x_wconf 91' lang='lat' dir='ltr'>eripiat</span> <span class='ocrx_word' id='word_1_166' title='bbox 657 2351 764 2398; x_wconf 88' lang='lat' dir='ltr'>omnes</span> <span class='ocrx_word' id='word_1_167' title='bbox 791 2333 1021 2398; x_wconf 85' lang='lat' dir='ltr'>famulos-suos</span> <span class='ocrx_word' id='word_1_168' title='bbox 1045 2332 1084 2397; x_wconf 91' lang='lat' dir='ltr'>de</span> <span class='ocrx_word' id='word_1_169' title='bbox 1106 2333 1248 2398; x_wconf 88' lang='lat' dir='ltr'>manibus</span> 
     </span>
     <span class='ocr_line' id='line_1_20' title="bbox 133 2435 1248 2518; baseline -0.002 -16"><span class='ocrx_word' id='word_1_170' title='bbox 133 2438 378 2518; x_wconf 78' lang='lat' dir='ltr'>persecutorum,</span> <span class='ocrx_word' id='word_1_171' title='bbox 403 2454 463 2518; x_wconf 92' lang='lat' dir='ltr'>quo</span> <span class='ocrx_word' id='word_1_172' title='bbox 487 2436 581 2500; x_wconf 90' lang='lat' dir='ltr'>etiarn</span> <span class='ocrx_word' id='word_1_173' title='bbox 604 2437 636 2500; x_wconf 90' lang='lat' dir='ltr'>hi</span> <span class='ocrx_word' id='word_1_174' title='bbox 659 2454 765 2501; x_wconf 90' lang='lat' dir='ltr'>omnes</span> <span class='ocrx_word' id='word_1_175' title='bbox 788 2436 841 2518; x_wconf 89' lang='lat' dir='ltr'>qui</span> <span class='ocrx_word' id='word_1_176' title='bbox 856 2436 981 2518; x_wconf 88' lang='lat' dir='ltr'>propter</span> <span class='ocrx_word' id='word_1_177' title='bbox 995 2435 1117 2499; x_wconf 84' lang='lat' dir='ltr'>metum</span> <span class='ocrx_word' id='word_1_178' title='bbox 1126 2436 1248 2517; x_wconf 88' lang='lat' dir='ltr'>tempo·</span> 
     </span>
     <span class='ocr_line' id='line_1_21' title="bbox 133 2530 1280 2621; baseline -0.007 -17"><span class='ocrx_word' id='word_1_179' title='bbox 133 2541 232 2606; x_wconf 90' lang='lat' dir='ltr'>ralem</span> <span class='ocrx_word' id='word_1_180' title='bbox 251 2541 437 2606; x_wconf 72' lang='lat' dir='ltr'>‘ceciderunt</span> <span class='ocrx_word' id='word_1_181' title='bbox 458 2530 568 2604; x_wconf 85' lang='lat' dir='ltr'>lenone</span> <span class='ocrx_word' id='word_1_182' title='bbox 588 2557 622 2604; x_wconf 90' lang='lat' dir='ltr'>se</span> <span class='ocrx_word' id='word_1_183' title='bbox 644 2538 774 2604; x_wconf 87' lang='lat' dir='ltr'>tandem</span> <span class='ocrx_word' id='word_1_184' title='bbox 794 2540 914 2621; x_wconf 81' lang='lat' dir='ltr'>possint</span> <span class='ocrx_word' id='word_1_185' title='bbox 931 2539 963 2604; x_wconf 90' lang='lat' dir='ltr'>et</span> <span class='ocrx_word' id='word_1_186' title='bbox 977 2537 1096 2602; x_wconf 89' lang='lat' dir='ltr'>reuerti</span> <span class='ocrx_word' id='word_1_187' title='bbox 1111 2538 1152 2602; x_wconf 86' lang='lat' dir='ltr'>ad</span> <span class='ocrx_word' id='word_1_188' title='bbox 1167 2538 1248 2602; x_wconf 81' lang='lat' dir='ltr'>uiam</span> <span class='ocrx_word' id='word_1_189' title='bbox 1259 2555 1280 2595; x_wconf 83' lang='lat' dir='ltr'>n</span> 
     </span>
     <span class='ocr_line' id='line_1_22' title="bbox 132 2639 1252 2726; baseline -0.001 -19"><span class='ocrx_word' id='word_1_190' title='bbox 132 2643 283 2722; x_wconf 84' lang='lat' dir='ltr'>iustitiae,</span> <span class='ocrx_word' id='word_1_191' title='bbox 308 2663 327 2708; x_wconf 93' lang='lat' dir='ltr'>a</span> <span class='ocrx_word' id='word_1_192' title='bbox 349 2662 411 2726; x_wconf 88' lang='lat' dir='ltr'>qua</span> <span class='ocrx_word' id='word_1_193' title='bbox 433 2642 556 2707; x_wconf 91' lang='lat' dir='ltr'>seducti</span> <span class='ocrx_word' id='word_1_194' title='bbox 571 2642 735 2724; x_wconf 81' lang='lat' dir='ltr'>negantur,</span> <span class='ocrx_word' id='word_1_195' title='bbox 758 2641 935 2706; x_wconf 84' lang='lat' dir='ltr'>nescientes</span> <span class='ocrx_word' id='word_1_196' title='bbox 956 2642 989 2705; x_wconf 92' lang='lat' dir='ltr'>in</span> <span class='ocrx_word' id='word_1_197' title='bbox 1005 2659 1067 2724; x_wconf 84' lang='lat' dir='ltr'>qua</span> <span class='ocrx_word' id='word_1_198' title='bbox 1081 2639 1174 2705; x_wconf 81' lang='lat' dir='ltr'>foena</span> <span class='ocrx_word' id='word_1_199' title='bbox 1190 2640 1252 2706; x_wconf 80' lang='lat' dir='ltr'>sint</span> 
     </span>
     <span class='ocr_line' id='line_1_23' title="bbox 132 2743 1249 2829; baseline -0.004 -17"><span class='ocrx_word' id='word_1_200' title='bbox 132 2746 250 2812; x_wconf 84' lang='lat' dir='ltr'>miseri.</span> <span class='ocrx_word' id='word_1_201' title='bbox 296 2745 475 2829; x_wconf 76' lang='lat' dir='ltr'>specialiter</span> <span class='ocrx_word' id='word_1_202' title='bbox 504 2746 612 2811; x_wconf 84' lang='lat' dir='ltr'>autem</span> <span class='ocrx_word' id='word_1_203' title='bbox 640 2763 698 2828; x_wconf 86' lang='lat' dir='ltr'>ogo</span> <span class='ocrx_word' id='word_1_204' title='bbox 720 2743 803 2827; x_wconf 81' lang='lat' dir='ltr'>pete,</span> <span class='ocrx_word' id='word_1_205' title='bbox 838 2744 866 2810; x_wconf 88' lang='lat' dir='ltr'>si</span> <span class='ocrx_word' id='word_1_206' title='bbox 895 2744 1014 2826; x_wconf 86' lang='lat' dir='ltr'>aliquid</span> <span class='ocrx_word' id='word_1_207' title='bbox 1035 2743 1139 2808; x_wconf 72' lang='lat' dir='ltr'>miras</span> <span class='ocrx_word' id='word_1_208' title='bbox 1163 2761 1249 2808; x_wconf 85' lang='lat' dir='ltr'>ame</span> 
     </span>
     <span class='ocr_line' id='line_1_24' title="bbox 135 2846 1251 2932; baseline -0.003 -17"><span class='ocrx_word' id='word_1_209' title='bbox 135 2851 254 2917; x_wconf 87' lang='lat' dir='ltr'>dictum</span> <span class='ocrx_word' id='word_1_210' title='bbox 278 2850 336 2931; x_wconf 85' lang='lat' dir='ltr'>est,</span> <span class='ocrx_word' id='word_1_211' title='bbox 358 2848 521 2932; x_wconf 86' lang='lat' dir='ltr'>ignoscere</span> <span class='ocrx_word' id='word_1_212' title='bbox 545 2846 697 2930; x_wconf 82' lang='lat' dir='ltr'>dignerie3</span> <span class='ocrx_word' id='word_1_213' title='bbox 726 2847 857 2912; x_wconf 80' lang='lat' dir='ltr'>retento</span> <span class='ocrx_word' id='word_1_214' title='bbox 877 2847 959 2912; x_wconf 85' lang='lat' dir='ltr'>enim</span> <span class='ocrx_word' id='word_1_215' title='bbox 981 2846 1066 2912; x_wconf 81' lang='lat' dir='ltr'>fonte</span> <span class='ocrx_word' id='word_1_216' title='bbox 1088 2847 1174 2929; x_wconf 83' lang='lat' dir='ltr'>quod</span> <span class='ocrx_word' id='word_1_217' title='bbox 1194 2865 1251 2929; x_wconf 88' lang='lat' dir='ltr'>po-</span> 
     </span>
     <span class='ocr_line' id='line_1_25' title="bbox 133 2938 1296 3035; baseline -0.003 -18"><span class='ocrx_word' id='word_1_218' title='bbox 133 2954 197 3019; x_wconf 89' lang='lat' dir='ltr'>tnit</span> <span class='ocrx_word' id='word_1_219' title='bbox 209 2938 355 3035; x_wconf 83' lang='lat' dir='ltr'>inperitia</span> <span class='ocrx_word' id='word_1_220' title='bbox 368 2969 441 3017; x_wconf 92' lang='lat' dir='ltr'>mea</span> <span class='ocrx_word' id='word_1_221' title='bbox 455 2950 507 3016; x_wconf 79' lang='lat' dir='ltr'>aix</span> <span class='ocrx_word' id='word_1_222' title='bbox 522 2950 646 3028; x_wconf 78' lang='lat' dir='ltr'>haurire</span> <span class='ocrx_word' id='word_1_223' title='bbox 661 2949 770 3015; x_wconf 78' lang='lat' dir='ltr'>ueinit</span> <span class='ocrx_word' id='word_1_224' title='bbox 788 2949 831 3014; x_wconf 85' lang='lat' dir='ltr'>de</span> <span class='ocrx_word' id='word_1_225' title='bbox 841 2949 990 3014; x_wconf 70' lang='lat' dir='ltr'>fratribus</span> <span class='ocrx_word' id='word_1_226' title='bbox 1006 2949 1114 3014; x_wconf 84' lang='lat' dir='ltr'>antem</span> <span class='ocrx_word' id='word_1_227' title='bbox 1127 2948 1251 3024; x_wconf 65' lang='lat' dir='ltr'>nostris,</span> <span class='ocrx_word' id='word_1_228' title='bbox 1293 3006 1296 3014; x_wconf 91' lang='lat'>.</span> 
     </span>
     <span class='ocr_line' id='line_1_26' title="bbox 135 3052 1281 3137; baseline -0.003 -16"><span class='ocrx_word' id='word_1_229' title='bbox 135 3054 287 3121; x_wconf 81' lang='lat' dir='ltr'>siminus</span> <span class='ocrx_word' id='word_1_230' title='bbox 309 3055 396 3137; x_wconf 88' lang='lat' dir='ltr'>potui</span> <span class='ocrx_word' id='word_1_231' title='bbox 417 3052 526 3119; x_wconf 82' lang='lat' dir='ltr'>nidere</span> <span class='ocrx_word' id='word_1_232' title='bbox 550 3052 686 3133; x_wconf 82' lang='lat' dir='ltr'>eosdem,</span> <span class='ocrx_word' id='word_1_233' title='bbox 709 3052 986 3136; x_wconf 84' lang='lat' dir='ltr'>iterumignoseas</span> <span class='ocrx_word' id='word_1_234' title='bbox 999 3053 1083 3135; x_wconf 86' lang='lat' dir='ltr'>pcto.</span> <span class='ocrx_word' id='word_1_235' title='bbox 1107 3054 1157 3118; x_wconf 83' lang='lat' dir='ltr'>cst</span> <span class='ocrx_word' id='word_1_236' title='bbox 1171 3053 1281 3118; x_wconf 75' lang='lat' dir='ltr'>annno</span> 
     </span>
     <span class='ocr_line' id='line_1_27' title="bbox 133 3153 1254 3242; baseline -0.002 -19"><span class='ocrx_word' id='word_1_237' title='bbox 133 3159 203 3242; x_wconf 85' lang='lat' dir='ltr'>ipse</span> <span class='ocrx_word' id='word_1_238' title='bbox 225 3156 343 3223; x_wconf 83' lang='lat' dir='ltr'>ueritas</span> <span class='ocrx_word' id='word_1_239' title='bbox 364 3156 456 3223; x_wconf 85' lang='lat' dir='ltr'>testis</span> <span class='ocrx_word' id='word_1_240' title='bbox 479 3155 603 3238; x_wconf 82' lang='lat' dir='ltr'>optasse</span> <span class='ocrx_word' id='word_1_241' title='bbox 625 3174 677 3220; x_wconf 92' lang='lat' dir='ltr'>me</span> <span class='ocrx_word' id='word_1_242' title='bbox 699 3155 732 3220; x_wconf 90' lang='lat' dir='ltr'>et</span> <span class='ocrx_word' id='word_1_243' title='bbox 755 3153 954 3220; x_wconf 81' lang='lat' dir='ltr'>desiderasse</span> <span class='ocrx_word' id='word_1_244' title='bbox 973 3156 1031 3220; x_wconf 88' lang='lat' dir='ltr'>hoe</span> <span class='ocrx_word' id='word_1_245' title='bbox 1046 3155 1205 3237; x_wconf 78' lang='lat' dir='ltr'>inpetrare</span> <span class='ocrx_word' id='word_1_246' title='bbox 1221 3155 1254 3220; x_wconf 75' lang='lat' dir='ltr'>ot·</span> 
     </span>
     <span class='ocr_line' id='line_1_28' title="bbox 133 3258 1308 3347; baseline -0.002 -21"><span class='ocrx_word' id='word_1_247' title='bbox 133 3261 256 3329; x_wconf 81' lang='lat' dir='ltr'>tantum</span> <span class='ocrx_word' id='word_1_248' title='bbox 279 3260 426 3326; x_wconf 84' lang='lat' dir='ltr'>habuisse</span> <span class='ocrx_word' id='word_1_249' title='bbox 451 3258 589 3324; x_wconf 91' lang='lat' dir='ltr'>dolorem</span> <span class='ocrx_word' id='word_1_250' title='bbox 612 3259 697 3341; x_wconf 85' lang='lat' dir='ltr'>quod</span> <span class='ocrx_word' id='word_1_251' title='bbox 716 3277 776 3323; x_wconf 93' lang='lat' dir='ltr'>non</span> <span class='ocrx_word' id='word_1_252' title='bbox 799 3258 1252 3341; x_wconf 80' lang='lat' dir='ltr'>potui;namnec1acrirrrae</span> <span class='ocrx_word' id='word_1_253' title='bbox 1300 3321 1308 3347; x_wconf 60' lang='grc'><strong><em>,</em></strong></span> 
     </span>
     <span class='ocr_line' id='line_1_29' title="bbox 133 3360 1251 3445; baseline -0.004 -15"><span class='ocrx_word' id='word_1_254' title='bbox 133 3362 337 3433; x_wconf 80' lang='lat' dir='ltr'>cessauerant</span> <span class='ocrx_word' id='word_1_255' title='bbox 359 3363 398 3426; x_wconf 89' lang='lat' dir='ltr'>ab</span> <span class='ocrx_word' id='word_1_256' title='bbox 422 3361 525 3427; x_wconf 85' lang='lat' dir='ltr'>oculis</span> <span class='ocrx_word' id='word_1_257' title='bbox 543 3380 600 3426; x_wconf 90' lang='lat' dir='ltr'>nec</span> <span class='ocrx_word' id='word_1_258' title='bbox 622 3361 759 3445; x_wconf 86' lang='lat' dir='ltr'>gemitus</span> <span class='ocrx_word' id='word_1_259' title='bbox 782 3362 824 3426; x_wconf 86' lang='lat' dir='ltr'>eh</span> <span class='ocrx_word' id='word_1_260' title='bbox 839 3360 954 3439; x_wconf 77' lang='lat' dir='ltr'>canno,</span> <span class='ocrx_word' id='word_1_261' title='bbox 976 3361 1123 3444; x_wconf 80' lang='lat' dir='ltr'>qmaneo</span> <span class='ocrx_word' id='word_1_262' title='bbox 1138 3360 1251 3426; x_wconf 78' lang='lat' dir='ltr'>tratres</span> 
     </span>
    </p>
   </div>
   <div class='ocr_carea' id='block_1_3' title="bbox 131 3649 1248 3806">
    <p class='ocr_par' dir='ltr' id='par_1_3' title="bbox 131 3649 1248 3806">
     <span class='ocr_line' id='line_1_30' title="bbox 184 3649 1248 3722; baseline -0.006 -15"><span class='ocrx_word' id='word_1_263' title='bbox 184 3655 197 3707; x_wconf 96' lang='lat' dir='ltr'>l</span> <span class='ocrx_word' id='word_1_264' title='bbox 223 3652 353 3722; x_wconf 78' lang='lat' dir='ltr'>particeps</span> <span class='ocrx_word' id='word_1_265' title='bbox 376 3669 400 3717; x_wconf 87' lang='lat' dir='ltr'>v,</span> <span class='ocrx_word' id='word_1_266' title='bbox 424 3651 567 3720; x_wconf 88' lang='lat' dir='ltr'>principem</span> <span class='ocrx_word' id='word_1_267' title='bbox 589 3651 659 3705; x_wconf 79' lang='lat' dir='ltr'>coci.</span> <span class='ocrx_word' id='word_1_268' title='bbox 683 3651 807 3706; x_wconf 75' lang='lat' dir='ltr'>Peneius</span> <span class='ocrx_word' id='word_1_269' title='bbox 910 3649 1083 3704; x_wconf 83' lang='lat' dir='ltr'>confessorem</span> <span class='ocrx_word' id='word_1_270' title='bbox 1107 3650 1199 3705; x_wconf 74' lang='lat' dir='ltr'>Tities</span> <span class='ocrx_word' id='word_1_271' title='bbox 1221 3649 1248 3702; x_wconf 78' lang='lat' dir='ltr'>io</span> 
     </span>
     <span class='ocr_line' id='line_1_31' title="bbox 131 3731 1248 3806; baseline -0.008 -12"><span class='ocrx_word' id='word_1_272' title='bbox 131 3740 207 3794; x_wconf 78' lang='lat' dir='ltr'>notis</span> <span class='ocrx_word' id='word_1_273' title='bbox 276 3737 451 3792; x_wconf 80' lang='lat' dir='ltr'>confessorum</span> <span class='ocrx_word' id='word_1_274' title='bbox 469 3739 496 3790; x_wconf 85' lang='lat' dir='ltr'>et</span> <span class='ocrx_word' id='word_1_275' title='bbox 513 3737 655 3806; x_wconf 79' lang='lat' dir='ltr'>martyrum</span> <span class='ocrx_word' id='word_1_276' title='bbox 672 3738 700 3790; x_wconf 83' lang='lat' dir='ltr'>tc</span> <span class='ocrx_word' id='word_1_277' title='bbox 718 3737 787 3791; x_wconf 80' lang='lat' dir='ltr'>coci.</span> <span class='ocrx_word' id='word_1_278' title='bbox 806 3736 928 3791; x_wconf 82' lang='lat' dir='ltr'>Poccc‘ee</span> <span class='ocrx_word' id='word_1_279' title='bbox 1005 3737 1022 3789; x_wconf 80' lang='lat'>2</span> <span class='ocrx_word' id='word_1_280' title='bbox 1040 3735 1167 3797; x_wconf 87' lang='lat' dir='ltr'>eredimus</span> <span class='ocrx_word' id='word_1_281' title='bbox 1187 3731 1248 3805; x_wconf 80' lang='lat' dir='ltr'>quod</span> 
     </span>
    </p>
   </div>
   <div class='ocr_carea' id='block_1_4' title="bbox 29 3821 1186 3893">
    <p class='ocr_par' dir='ltr' id='par_1_4' title="bbox 29 3821 1186 3893">
     <span class='ocr_line' id='line_1_32' title="bbox 29 3821 1186 3893; baseline -0.003 -14"><span class='ocrx_word' id='word_1_282' title='bbox 29 3822 33 3830; x_wconf 86' lang='lat'>&#39;</span> <span class='ocrx_word' id='word_1_283' title='bbox 131 3824 318 3891; x_wconf 74' lang='lat' dir='ltr'>nontnGirc&#39;ffi</span> <span class='ocrx_word' id='word_1_284' title='bbox 385 3822 570 3893; x_wconf 86' lang='lat' dir='ltr'>5compositus</span> <span class='ocrx_word' id='word_1_285' title='bbox 584 3823 624 3876; x_wconf 84' lang='lat' dir='ltr'>est</span> <span class='ocrx_word' id='word_1_286' title='bbox 637 3823 710 3886; x_wconf 75' lang='lat' dir='ltr'>Vera,</span> <span class='ocrx_word' id='word_1_287' title='bbox 723 3821 860 3891; x_wconf 83' lang='lat' dir='ltr'>compositi</span> <span class='ocrx_word' id='word_1_288' title='bbox 873 3822 990 3891; x_wconf 77' lang='lat' dir='ltr'>Popebr.</span> <span class='ocrx_word' id='word_1_289' title='bbox 1059 3821 1186 3876; x_wconf 76' lang='lat' dir='ltr'>caducis</span> 
     </span>
    </p>
   </div>
   <div class='ocr_carea' id='block_1_5' title="bbox 132 3907 1239 4093">
    <p class='ocr_par' dir='ltr' id='par_1_5' title="bbox 132 3907 1239 4093">
     <span class='ocr_line' id='line_1_33' title="bbox 132 3907 1187 3980; baseline -0.004 -16"><span class='ocrx_word' id='word_1_290' title='bbox 132 3910 153 3964; x_wconf 85' lang='grc'>8·</span> <span class='ocrx_word' id='word_1_291' title='bbox 166 3925 216 3978; x_wconf 80' lang='lat' dir='ltr'>per</span> <span class='ocrx_word' id='word_1_292' title='bbox 229 3909 309 3965; x_wconf 77' lang='lat' dir='ltr'>fidem</span> <span class='ocrx_word' id='word_1_293' title='bbox 328 3909 406 3976; x_wconf 79' lang='lat' dir='ltr'>Otiff.</span> <span class='ocrx_word' id='word_1_294' title='bbox 425 3909 515 3978; x_wconf 80' lang='lat' dir='ltr'>fetio,·</span> <span class='ocrx_word' id='word_1_295' title='bbox 532 3909 625 3980; x_wconf 77' lang='lat' dir='ltr'>perede</span> <span class='ocrx_word' id='word_1_296' title='bbox 643 3909 715 3962; x_wconf 76' lang='lat' dir='ltr'>enim</span> <span class='ocrx_word' id='word_1_297' title='bbox 732 3909 825 3976; x_wconf 62' lang='lat' dir='ltr'>inquit</span> <span class='ocrx_word' id='word_1_298' title='bbox 843 3922 905 3963; x_wconf 80' lang='lat' dir='ltr'>cum</span> <span class='ocrx_word' id='word_1_299' title='bbox 912 3907 1065 3977; x_wconf 80' lang='lat' dir='ltr'>peroideos</span> <span class='ocrx_word' id='word_1_300' title='bbox 1085 3911 1112 3960; x_wconf 86' lang='lat' dir='ltr'>ie</span> <span class='ocrx_word' id='word_1_301' title='bbox 1129 3922 1187 3960; x_wconf 84' lang='lat' dir='ltr'>esse</span> 
     </span>
     <span class='ocr_line' id='line_1_34' title="bbox 132 3992 1239 4093; baseline -0.003 -43"><span class='ocrx_word' id='word_1_302' title='bbox 132 3996 344 4093; x_wconf 56' lang='lat' dir='ltr'>{ipraecessores</span> <span class='ocrx_word' id='word_1_303' title='bbox 363 3997 441 4063; x_wconf 68' lang='lat' dir='ltr'>Otisi&#39;.</span> <span class='ocrx_word' id='word_1_304' title='bbox 534 3995 566 4049; x_wconf 80' lang='lat'>1¹0</span> <span class='ocrx_word' id='word_1_305' title='bbox 583 3996 611 4048; x_wconf 80' lang='lat' dir='ltr'>ie</span> <span class='ocrx_word' id='word_1_306' title='bbox 632 3995 719 4064; x_wconf 71' lang='lat' dir='ltr'>fflee&#39;ffi,</span> <span class='ocrx_word' id='word_1_307' title='bbox 738 3996 766 4048; x_wconf 89' lang='lat' dir='ltr'>et</span> <span class='ocrx_word' id='word_1_308' title='bbox 787 3994 826 4049; x_wconf 91' lang='lat' dir='ltr'>Vo</span> <span class='ocrx_word' id='word_1_309' title='bbox 913 3993 943 4046; x_wconf 94' lang='grc'>11</span> <span class='ocrx_word' id='word_1_310' title='bbox 964 3995 991 4047; x_wconf 78' lang='lat' dir='ltr'>et</span> <span class='ocrx_word' id='word_1_311' title='bbox 1007 3992 1188 4062; x_wconf 84' lang='lat' dir='ltr'>patientiaee</span> <span class='ocrx_word' id='word_1_312' title='bbox 1236 3997 1239 4001; x_wconf 79' lang='grc'>’</span> 
     </span>
    </p>
   </div>
   <div class='ocr_carea' id='block_1_6' title="bbox 133 4089 1249 4164">
    <p class='ocr_par' dir='ltr' id='par_1_6' title="bbox 133 4089 1249 4164">
     <span class='ocr_line' id='line_1_35' title="bbox 133 4089 1249 4164; baseline -0.006 -12"><span class='ocrx_word' id='word_1_313' title='bbox 133 4099 155 4153; x_wconf 91' lang='lat' dir='ltr'>is</span> <span class='ocrx_word' id='word_1_314' title='bbox 243 4098 276 4153; x_wconf 81' lang='lat' dir='ltr'>le</span> <span class='ocrx_word' id='word_1_315' title='bbox 294 4097 414 4153; x_wconf 88' lang='lat' dir='ltr'>adoletor</span> <span class='ocrx_word' id='word_1_316' title='bbox 509 4096 556 4152; x_wconf 89' lang='lat' dir='ltr'>sed</span> <span class='ocrx_word' id='word_1_317' title='bbox 573 4099 601 4151; x_wconf 90' lang='lat' dir='ltr'>et</span> <span class='ocrx_word' id='word_1_318' title='bbox 618 4098 671 4152; x_wconf 90' lang='lat' dir='ltr'>scio</span> <span class='ocrx_word' id='word_1_319' title='bbox 690 4095 802 4153; x_wconf 65' lang='lat' dir='ltr'>ceree.</span> <span class='ocrx_word' id='word_1_320' title='bbox 898 4093 1050 4150; x_wconf 76' lang='lat' dir='ltr'>leodem.</span> <span class='ocrx_word' id='word_1_321' title='bbox 1073 4089 1249 4164; x_wconf 59' lang='lat' dir='ltr'>Vacunae</span> 
     </span>
    </p>
   </div>
   <div class='ocr_carea' id='block_1_7' title="bbox 126 4182 1252 4373">
    <p class='ocr_par' dir='ltr' id='par_1_7' title="bbox 126 4182 1252 4373">
     <span class='ocr_line' id='line_1_36' title="bbox 133 4182 1252 4284; baseline -0.008 -9"><span class='ocrx_word' id='word_1_322' title='bbox 133 4223 199 4276; x_wconf 83' lang='lat' dir='ltr'>odd.</span> <span class='ocrx_word' id='word_1_323' title='bbox 221 4221 294 4278; x_wconf 68' lang='lat' dir='ltr'>doct.</span> <span class='ocrx_word' id='word_1_324' title='bbox 364 4219 396 4272; x_wconf 89' lang='lat'>18</span> <span class='ocrx_word' id='word_1_325' title='bbox 415 4182 510 4273; x_wconf 59' lang='lat' dir='ltr'>crddt&#39;</span> <span class='ocrx_word' id='word_1_326' title='bbox 549 4218 834 4273; x_wconf 72' lang='lat' dir='ltr'>20&#39;oecedemntoa1</span> <span class='ocrx_word' id='word_1_327' title='bbox 903 4216 935 4269; x_wconf 82' lang='lat'>21</span> <span class='ocrx_word' id='word_1_328' title='bbox 954 4216 1078 4284; x_wconf 63' lang='lat' dir='ltr'>inquam</span> <span class='ocrx_word' id='word_1_329' title='bbox 1146 4215 1252 4271; x_wconf 70' lang='lat' dir='ltr'>ermes</span> 
     </span>
     <span class='ocr_line' id='line_1_37' title="bbox 126 4301 1095 4373; baseline -0.008 -10"><span class='ocrx_word' id='word_1_330' title='bbox 126 4308 209 4363; x_wconf 80' lang='lat' dir='ltr'>codd.</span> <span class='ocrx_word' id='word_1_331' title='bbox 231 4305 318 4373; x_wconf 56' lang='lat' dir='ltr'>Oho&#39;ffe</span> <span class='ocrx_word' id='word_1_332' title='bbox 332 4309 359 4359; x_wconf 79' lang='lat' dir='ltr'>et</span> <span class='ocrx_word' id='word_1_333' title='bbox 375 4305 447 4373; x_wconf 67' lang='lat' dir='ltr'>Vere„</span> <span class='ocrx_word' id='word_1_334' title='bbox 466 4319 503 4359; x_wconf 73' lang='lat' dir='ltr'>es.</span> <span class='ocrx_word' id='word_1_335' title='bbox 513 4304 552 4359; x_wconf 87' lang='lat' dir='ltr'>Vc</span> <span class='ocrx_word' id='word_1_336' title='bbox 620 4302 655 4356; x_wconf 78' lang='lat'>25</span> <span class='ocrx_word' id='word_1_337' title='bbox 671 4303 712 4356; x_wconf 89' lang='lat' dir='ltr'>sin</span> <span class='ocrx_word' id='word_1_338' title='bbox 729 4319 745 4357; x_wconf 81' lang='lat' dir='ltr'>e</span> <span class='ocrx_word' id='word_1_339' title='bbox 813 4301 847 4356; x_wconf 78' lang='lat'>26</span> <span class='ocrx_word' id='word_1_340' title='bbox 864 4302 1061 4370; x_wconf 67' lang='lat' dir='ltr'>inpetrassent</span> <span class='ocrx_word' id='word_1_341' title='bbox 1079 4305 1095 4355; x_wconf 78' lang='grc'>1</span> 
     </span>
    </p>
   </div>
   <div class='ocr_carea' id='block_1_8' title="bbox 0 0 1432 4754">
    <p class='ocr_par' dir='ltr' id='par_1_8' title="bbox 0 0 1432 4754">
     <span class='ocr_line' id='line_1_38' title="bbox 0 0 1432 4754; baseline 0 0"><span class='ocrx_word' id='word_1_342' title='bbox 0 0 1432 4754; x_wconf 95' lang='lat' dir='ltr'> </span> 
     </span>
    </p>
   </div>
  </div>
 </body>
</html>
