2850 4754
141 331 203 397 248
630 327 779 381 Luciferi

139 514 247 595 facins
268 519 312 580 est
334 515 384 579 neb
407 534 445 579 ea
467 514 538 579 alia
560 514 748 595 substantia,
772 504 909 578 dicentes
931 513 1115 577 mutabilem
1138 518 1166 578 et
1189 533 1264 578 een-

140 617 312 682 nertrbiiem
334 618 440 699 {iiiam
455 617 516 698 dei,
538 617 591 681 bos
606 617 859 682 anathematisat
873 614 1031 681 catholica
1045 619 1076 680 et
1088 616 1264 698 apostoliea

23 747 26 754 ¹
140 721 278 785 ecclesia.
315 719 441 801 proptor
469 720 549 782 hano
581 719 724 782 sanctam
745 718 841 784 fidem
862 717 1106 782 recludebantur
1130 717 1264 800 apostoli

138 823 169 886 in
200 840 376 900 carcerem,
410 821 537 886 uincula
567 822 776 904 accipiebant,
811 820 993 885 uerberibus
1026 838 1081 902 per
1115 822 1264 886 horarum

137 925 297 990 momenta
311 924 514 1002 uexabantur,
530 943 569 988 ne
584 924 700 988 mundo
714 923 894 989 renelarent
908 923 1085 1001 ueritatem,
1109 924 1262 988 ettamen
1287 944 1300 983 1

136 1026 319 1109 praedicare
350 1044 385 1089 eo
414 1025 581 1090 uoluerunt
610 1045 708 1108 usque
738 1044 799 1109 quo
830 1024 926 1090 etiam
953 1024 1084 1089 mactati
1118 1025 1260 1091 fuissent

139 1129 171 1195 et
194 1129 273 1193 diois
295 1147 352 1193 nos
374 1129 530 1192 maximae
554 1147 622 1192 esse
645 1128 787 1193 homines
810 1127 1041 1204 contumaciae,
1072 1125 1261 1216 quia-uide-

137 1232 214 1297 licet
241 1232 327 1295 uiam
356 1232 519 1295 teneamus
551 1231 771 1314 apostolorum,
807 1231 881 1314 quia
901 1230 959 1295 tibi
983 1230 1125 1295 dicamus
1148 1229 1260 1294 errati-

137 1354 209 1401 cum
230 1335 262 1399 te
284 1333 414 1412 factum,
438 1334 514 1417 quid
530 1332 641 1398 fecerit
655 1333 775 1399 Herodi
797 1334 909 1398 beatus
932 1325 1070 1416 baptista
1092 1334 1259 1398 Iohannes.

137 1439 279 1505 Haodes
309 1444 412 1502 antem
445 1437 603 1502 tetrarcha
630 1457 701 1501 carn
730 1438 940 1517 corriperetur
967 1437 1007 1501 ab
1040 1436 1096 1500 illo
1126 1440 1295 1519 proptera

137 1540 351 1606 Herodiadem
379 1560 507 1604 aaaron
534 1539 651 1620 fratris
676 1541 730 1604 sni
756 1544 784 1604 et
813 1540 851 1603 de
878 1539 1024 1604 omnibns
1052 1539 1150 1603 matis
1180 1560 1260 1622 qnae

137 1644 214 1725 fecit
233 1643 382 1728 Herodes,
411 1643 527 1707 adiecit
548 1641 604 1706 boo
628 1662 722 1723 saper
751 1644 860 1706 omnia
882 1647 910 1706 et
932 1643 1063 1708 inclasit
1077 1641 1259 1707 Iohannem

136 1747 174 1811 in
196 1765 327 1811 carcere.
352 1763 414 1828 qua
437 1742 476 1808 de
498 1763 532 1809 11
554 1744 682 1809 inclusit
703 1746 874 1810 Iohannem
888 1745 1053 1810 Herodes?
1075 1746 1162 1810 corte
1187 1746 1259 1829 qnia

137 1849 346 1930 arguebantur
368 1866 462 1931 opera
485 1849 567 1923 eius;
601 1848 648 1913 ita
670 1848 702 1913 et
724 1849 759 1913 tu
777 1867 854 1913 cum
877 1849 977 1913 seruis
1001 1846 1052 1912 dei
1076 1848 1161 1931 agis,
1186 1848 1258 1931 quia

137 1950 279 2033 dicamus
300 1951 374 2017 tibi:
397 1952 467 2016 noli
486 1973 591 2036 perere
613 1972 692 2034 qnae
712 1954 806 2036 peris,
829 1953 896 2018 noli
918 1972 980 2018 esse
998 1952 1168 2031 1111111111,
1192 1951 1291 2016 notia

130 2055 280 2136 persequi
303 2054 463 2120 eeclesiam
485 2055 617 2134 domini,
643 2054 713 2120 noli
734 2056 940 2138 apostolicam
962 2055 1131 2138 reprobare
1150 2057 1256 2140 fidere,

129 2157 267 2238 motare
288 2178 362 2223 nero
384 2159 583 2244 haereticam,
606 2159 675 2224 noli
697 2159 915 2224 idololatriam
938 2160 1138 2224 introducere
1155 2161 1194 2223 in
1210 2178 1256 2224 ec·

135 2259 272 2325 alesiam.
303 2279 358 2325 nos
382 2260 570 2326 arbitramur
591 2261 669 2325 haec
691 2263 817 2344 propter
838 2262 927 2325 tuam
950 2261 1128 2345 specialiter
1152 2261 1255 2326 dicere

135 2362 284 2441 salutem,
319 2363 372 2445 qni
394 2363 422 2428 si
443 2364 579 2430 nolueris
596 2365 796 2447 temperare,
831 2365 898 2430 sine
929 2365 1021 2430 dubio
1051 2365 1096 2429 sic
1126 2364 1185 2430 tibi
1214 2365 1256 2430 sis

136 2466 295 2532 aeternam
318 2467 517 2548 quaesiturus
531 2468 674 2545 mortem,
699 2467 853 2549 quomodo
870 2467 1040 2549 quaesierit
1056 2468 1088 2531 et
1102 2468 1254 2533 Herodes.
1268 2497 1290 2536 n

133 2569 264 2633 Iohanni
287 2569 402 2634 etenim
423 2589 535 2635 nocere
559 2589 618 2634 non
641 2570 757 2652 potuit,
794 2571 861 2636 siue
890 2571 974 2653 quod
997 2589 1068 2635 eum
1090 2571 1122 2635 in
1145 2589 1255 2635 caroe-

133 2691 200 2736 rem
223 2672 392 2737 coniecerit
413 2675 480 2737 siue
510 2673 593 2755 quod
618 2673 826 2751 interfecerit,
862 2672 1116 2756 quandoquidem
1145 2672 1256 2739 uideas

133 2773 304 2837 Iohannem
334 2774 385 2838 dei
415 2775 568 2854 amicum,
600 2775 760 2840 Herodem
789 2795 864 2840 uero
896 2794 965 2840 esse
1000 2777 1050 2840 dei
1083 2776 1255 2841 inimicum.

134 2894 287 2957 quaerens
309 2876 447 2942 nocitum
469 2878 572 2956 nobis,
608 2878 661 2960 qui
682 2878 741 2943 tibi
765 2879 925 2943 aeternam
948 2879 1131 2962 sospitatem
1158 2879 1256 2943 tribui

134 2977 359 3056 desideramus,
384 2980 525 3045 omnibus
548 2999 604 3045 nos
626 2982 823 3064 persequeris
845 2981 963 3058 modis;
987 2983 1043 3047 sed
1063 2982 1173 3048 ualere
1195 3002 1290 3052 nona

132 3082 280 3165 poterunt
307 3084 390 3148 uires
420 3084 616 3149 auctoritatis
644 3086 719 3149 tuae
749 3085 790 3149 ad
813 3085 864 3150 dei
886 3086 971 3150 unici
992 3085 1049 3150 filii
1073 3087 1255 3152 11111111-

133 3184 277 3263 cendum,
305 3187 379 3268 qnia
399 3188 435 3250 tu
457 3206 537 3252 unus
560 3206 630 3252 esse
654 3206 690 3251 11
712 3187 777 3254 illis
798 3189 948 3253 inueniris
971 3207 1049 3272 quos
1070 3189 1160 3254 nobis
1183 3208 1255 3254 cre-

134 3287 278 3352 dentibus
302 3289 437 3354 subiecit
459 3290 583 3354 dicensr
612 3311 676 3356 ecee
697 3292 769 3358 dedi
791 3292 881 3357 nobis
896 3297 1084 3375 potestatem
1106 3292 1256 3358 calcandi

131 3409 226 3472 saper
252 3378 409 3472 serpentes
436 3399 466 3458 et
493 3396 667 3477 scorpiones
695 3401 723 3460 et
748 3415 849 3478 snpra
871 3416 992 3460 omnem
1013 3397 1165 3461 nirtntem
1187 3396 1255 3460 ini-

132 3495 222 3571 niei;
246 3499 276 3558 et
296 3495 381 3561 nibil
396 3517 452 3562 nos
466 3499 593 3563 nocebit.
616 3497 652 3562 tu
675 3498 728 3583 qni
751 3498 840 3577 dicis,
864 3499 938 3581 quia
960 3517 1037 3563 uera
1057 3499 1116 3563 tibi
1140 3499 1255 3578 dicam,
1268 3524 1291 3564 n

133 3598 309 3677 superbum,
333 3617 426 3680 quem
447 3619 498 3664 me
521 3595 748 3675 nis'inueniri‘l
780 3601 910 3666 illumne
933 3620 1060 3667 seruum
1083 3592 1141 3682 qui'
1161 3620 1254 3666 acce·

238 3804 269 3856 10
286 3803 348 3856 Luc.
366 3802 391 3871 3,
411 3803 451 3858 19.
470 3804 504 3857 20
572 3803 660 3859 1811.
680 3806 721 3867 10,
741 3805 773 3857 19

182 3986 198 4038 2
216 3987 442 4042 anathaematinat
522 3990 538 4042 9
557 3988 651 4057 quido
721 3989 840 4055 Quid-
858 3991 941 4045 fecit?
959 3994 1030 4046 coni.
1048 3993 1187 4048 Latinius

129 4111 249 4164 1111111
296 4108 497 4162 1111111111
576 4110 814 4180 1411111111.)
890 4113 922 4164 15
940 4086 1016 4182 girei
1032 4118 1050 4183 1·
1070 4130 1103 4167 m.
1122 4115 1185 4182 are.)

131 4231 163 4285 18
181 4203 312 4299 speciliter
380 4229 413 4282 23
431 4246 491 4284 uero
510 4247 531 4286 s.
551 4232 567 4286 i.
586 4249 620 4286 m.
638 4233 687 4287 att.
756 4232 787 4285 31
806 4250 848 4288 me
866 4234 1004 4302 superbum
1022 4235 1089 4302 fort.
