2850 4754
736 869 791 951 ΠΙ

435 1038 507 1135 DE
536 1035 743 1136 SANCTO
773 1035 1101 1135 ATHANASIO.

674 1227 818 1310 LIBER
844 1227 870 1308 Ι.

254 1488 278 1548 1.
304 1482 398 1564 Cogis
421 1499 486 1557 nos,
511 1481 682 1558 Constanti,
714 1481 875 1545 absentem
898 1480 1046 1545 damnare
1074 1480 1326 1560 oonsaeerdotom

212 1589 353 1653 nostrum
380 1584 561 1667 religiosum
590 1584 815 1656 Athanasium3
851 1582 908 1647 sed
937 1583 1044 1647 diuina
1069 1584 1103 1648 id
1130 1583 1235 1648 faeere
1257 1600 1357 1665 pro-a

212 1689 355 1754 hibemur
376 1688 457 1770 lege.
480 1687 605 1769 inpellis
629 1687 815 1751 auctoritate
837 1686 934 1750 latius
956 1687 1056 1769 regali
1085 1687 1202 1751 domini
1224 1705 1327 1752 saeer-

214 1791 303 1856 dotos
327 1791 367 1855 ad
391 1790 610 1854 effundendum
634 1808 786 1866 eruorem,
809 1789 955 1871 ignorans
970 1791 1040 1854 iura
1060 1789 1201 1854 iustitiae
1215 1787 1329 1853 tradita

212 1894 301 1958 nobis
324 1893 474 1957 diuinitus
495 1893 528 1956 te
551 1892 698 1956 nonatum
728 1910 764 1955 ex
790 1892 905 1957 nostris
934 1892 1055 1956 auterre
1081 1891 1249 1955 mentibus.
1295 1909 1329 1954 an

215 1996 365 2059 diuinitus
388 1994 504 2076 poteris
527 1994 673 2058 adserere
696 1994 884 2075 permissum
908 1994 1069 2059 absentem
1092 1993 1270 2058 inauditnm
1292 1993 1330 2070 et,

213 2098 297 2180 quod
321 2097 369 2160 est
390 2096 570 2172 marimum,
597 2096 796 2160 innocentem
825 2096 989 2160 damnari?
1033 2095 1189 2178 quomodo
1219 2095 1331 2159 etenim
1344 2111 1363 2150 o

216 2201 375 2265 arbitraris
398 2198 548 2262 diuinitus
570 2199 756 2280 permissum
771 2199 873 2281 puniri
887 2199 1055 2277 inauditos,
1080 2197 1204 2280 quando
1224 2197 1332 2261 uideas

215 2302 318 2366 Adam
342 2302 373 2365 et
396 2302 498 2370 Euam
520 2300 675 2382 principes
698 2302 796 2365 nostri
810 2302 934 2383 generis
952 2301 1075 2365 auditos
1097 2299 1253 2365 sententia
1266 2317 1332 2381 per-

216 2423 325 2469 eussos
349 2404 421 2468 dei?
466 2409 494 2468 et
515 2404 644 2466 aooaaa‘t
664 2404 753 2467 deas.
763 2404 880 2485 Adam,
909 2409 938 2468 et
959 2404 1044 2468 de’aa't
1071 2404 1116 2468 ea‘:
1142 2404 1261 2482 Adam,
1283 2403 1334 2466 abi
1402 2437 1403 2440 ¹

215 2509 271 2570 es?
304 2512 332 2571 et
354 2507 453 2571 dixit:
485 2525 591 2569 aecem
617 2496 716 2570 taam'
735 2507 860 2586 audiat,
889 2508 1033 2587 domine,
1061 2506 1098 2569 r'a
1119 2505 1280 2586 paradiso
1309 2507 1335 2568 et

217 2608 319 2684 timaei,
343 2608 494 2688 quoniam
517 2606 622 2671 aadas
644 2626 724 2683 sara,
748 2611 777 2669 et
792 2607 1011 2672 absconditae.
1033 2612 1062 2672 et
1081 2608 1165 2671 diao't
1179 2606 1232 2670 tta·
1246 2608 1336 2671 deas:
1348 2629 1368 2668 15

216 2711 287 2790 qais
311 2710 366 2773 tibi
387 2710 546 2774 aadtaaaa't
568 2710 645 2790 qaia
667 2710 773 2774 aadas
794 2729 834 2793 es,
857 2710 923 2774 atsi
944 2713 982 2775 de
1004 2710 1099 2794 liqna,
1114 2711 1152 2774 de
1167 2730 1228 2791 qao
1237 2730 1335 2791 prae·

217 2831 361 2892 ceperam
384 2812 450 2892 tabi,
472 2811 512 2874 de
534 2809 588 2875 boo
610 2810 675 2876 soto
698 2831 737 2875 aa
759 2812 978 2892 mendaeem,
1001 2832 1038 2877 ea
1056 2833 1089 2877 eo
1110 2812 1336 2877 manducasti?

217 2917 246 2976 et
259 2913 342 2976 dixit
358 2915 485 2978 Adara:
503 2913 627 2994 matter,
646 2933 742 2993 qaam
759 2913 883 2990 dedisti,
904 2915 977 2995 ipsa
991 2914 1073 2978 mita·
1086 2915 1172 2979 dedit
1185 2915 1224 2980 de
1241 2914 1335 2999 liqna,

219 3019 247 3077 et
274 3015 481 3078 manducaui.
525 3020 553 3077 et
575 3015 658 3078 area
679 3018 754 3081 deas
783 3016 926 3083 mulieri:
955 3018 1033 3099 qaid
1059 3016 1114 3081 boe
1141 3017 1269 3099 feoa'sta'?
1311 3019 1340 3081 ot

221 3115 304 3178 dixit
318 3118 448 3180 matter:
462 3135 590 3195 serpens
595 3118 758 3197 persuasit
772 3118 862 3197 mibi,
878 3123 906 3182 et
917 3119 1125 3183 maadaaaar'.
1149 3137 1222 3182 oum
1242 3118 1337 3200 igitur
1349 3139 1371 3178 eo

220 3216 400 3280 huiusmodi
422 3216 554 3280 formam
575 3217 736 3282 indicandi
760 3218 885 3283 dedisse
909 3219 1002 3283 denm
1026 3220 1210 3310 aduertens,
1233 3238 1338 3284 eume

219 3319 350 3383 latebris
385 3319 525 3382 euocatis
559 3319 771 3403 confessisque
807 3322 901 3386 deum
930 3323 1117 3387 sententiam
1145 3322 1271 3388 dedisse
1301 3322 1337 3386 do

221 3423 320 3486 saeris
344 3421 569 3503 seripturarum
597 3423 764 3505 collegeris
785 3423 931 3503 fontibus,
961 3426 1050 3491 ouius
1078 3425 1165 3488 fuisti
1189 3425 1283 3507 atque
1306 3440 1337 3487 es

220 3522 423 3604 inpudentiae
445 3522 605 3587 iudicandi
629 3525 679 3589 dei
703 3526 803 3589 seruis
826 3545 896 3589 eam
920 3526 994 3591 dare
1009 3527 1153 3604 formam,
1176 3545 1258 3608 quae
1281 3544 1337 3590 non

223 3624 334 3688 fuisset
357 3625 482 3707 delego
498 3628 626 3691 ueniens
642 3628 780 3692 domini?
802 3647 858 3693 neo
873 3628 1017 3708 timuisti,
1040 3649 1079 3693 ne
1094 3629 1207 3693 fuisset
1223 3628 1369 3693 dianna

327 3825 359 3877 13
377 3825 442 3880 Gen.
461 3826 485 3894 3,
503 3828 587 3881 9-13

275 4012 344 4055 sore
362 4015 511 4054 nnsnrnnor
534 4015 615 4054 narro
633 4016 722 4054 onena
746 4015 880 4054 renrcnnn
902 4016 955 4053 nno
978 4015 1117 4055 1111111111
1141 4004 1226 4055 baeer.
1248 4002 1279 4065 V,
1301 3997 1339 4053 Ad

224 4083 408 4138 Constantium
418 4084 604 4154 Imperatorem
621 4102 667 4153 pro
686 4088 777 4139 saneto
789 4085 963 4140 Athanasioo
1033 4087 1047 4138 7
1063 4091 1130 4154 post
1148 4085 1182 4139 ad
1199 4101 1257 4141 ras.
1276 4085 1339 4140 4··5

225 4170 384 4224 litteraraaa
454 4171 486 4222 14
497 4169 625 4239 paradyso
694 4171 726 4223 21
741 4169 884 4223 aduerteris
898 4172 1009 4241 scripsi,
1023 4170 1162 4224 aduertens
1178 4172 1209 4235 V,
1223 4171 1338 4225 aduertos

225 4272 240 4308 a
310 4255 344 4306 24
362 4271 483 4308 neruoso
