2850 4754
133 369 197 436 234
620 365 769 421 Luciferi

132 559 320 624 mundorum
341 557 543 622 Hierusalem
565 561 595 621 et
616 557 761 623 ciuitates
783 555 900 630 Iudae,
926 559 961 620 ut
983 556 1065 619 irent
1082 559 1158 636 post
1180 555 1258 639 lepi-

132 663 212 727 tima
239 665 361 726 exterae
388 665 490 726 terrae
520 665 550 724 et
570 658 735 741 probibere
756 658 941 724 holocausta
964 663 993 722 et
1013 658 1259 740 sacridcncmet

133 764 316 830 libationem
350 764 386 828 de
419 764 685 847 sanctificatione,
720 764 940 828 contaminare
972 761 1104 826 sabbata
1135 765 1164 824 et
1191 759 1259 824 dies

133 868 324 952 solem<nes>
349 871 378 932 et
395 866 535 948 poliuere
561 867 843 948 sanctificationem
865 870 895 929 et
915 868 1053 929 statuere
1075 863 1209 929 delubro
1231 865 1261 925 et

132 970 219 1034 idolo
247 975 276 1035 et
303 970 468 1035 immolare
491 970 664 1052 porcinam
692 973 720 1033 ct
746 989 863 1049 pecora
892 969 1076 1033 communio
1102 971 1131 1030 ct
1155 966 1296 1031 rolin-s

133 1093 224 1155 quere
255 1072 337 1154 filios
364 1093 436 1138 suos
463 1074 702 1138 incircumcisos
729 1075 759 1136 et
773 1071 920 1152 polluere
942 1072 1071 1135 animas
1093 1090 1201 1134 eorum
1223 1070 1260 1133 in

133 1178 219 1240 omni
242 1176 450 1240 immunditia
465 1181 494 1241 et
508 1176 749 1260 abominatione,
774 1177 824 1240 ita
838 1180 873 1240 ut
889 1175 1149 1240 obliuiscerentur
1164 1174 1260 1256 lepem

133 1284 161 1343 et
184 1282 344 1343 mutarent
370 1279 626 1361 iustificationes;
658 1282 688 1344 et
709 1279 896 1360 quicumque
918 1298 984 1343 non
1006 1278 1127 1358 fecisset
1148 1295 1259 1341 secun·

132 1382 209 1447 dnm
231 1382 361 1446 uerbum
389 1383 474 1466 repis
501 1387 682 1449 moreretur.
720 1383 891 1448 secundnm
920 1382 1030 1446 omniu
1058 1380 1156 1445 uerba
1184 1379 1260 1444 boec

134 1488 226 1551 misit
247 1487 368 1567 scripta
389 1487 539 1550 uniuerso
560 1506 655 1569 repno
677 1505 734 1549 sno
757 1491 786 1550 et
806 1487 881 1568 fecit
903 1485 1150 1549 consideratores
1165 1501 1261 1563 snper
1274 1501 1299 1539 ιν

127 1591 295 1674 populum.
319 1593 347 1653 et
370 1589 541 1653 mandauit
563 1589 746 1653 ciuitatibus
769 1589 856 1653 Inda
877 1587 1043 1652 immolare
1063 1607 1119 1667 per
1142 1586 1260 1650 ciuita-

132 1696 243 1757 temet
265 1691 436 1759 ciuitatem,
470 1696 499 1755 et
521 1693 701 1774 concrepati
722 1696 797 1756 sunt
819 1692 913 1756 multi
935 1692 972 1755 de
989 1690 1109 1772 populo
1131 1691 1175 1754 ad
1198 1707 1257 1765 eos,

135 1796 238 1860 omnis
277 1795 501 1876 derelinquens·
528 1794 639 1879 leyen,
672 1799 701 1859 et
737 1794 879 1876 fecerunt
905 1796 994 1859 mala
1021 1796 1057 1857 in
1091 1796 1191 1873 terra,
1228 1790 1260 1854 et

133 1898 229 1963 infre:
254 1903 283 1963 et
304 1899 555 1981 aedificauerunt
576 1897 843 1964 abominationem
865 1898 1067 1962 desolationis
1090 1917 1186 1978 super
1209 1895 1259 1960 al-

136 2007 204 2066 tare
239 2006 268 2065 et
296 2002 333 2065 in
365 1999 550 2066 ciuitatibus
572 2000 660 2065 Iuda
687 2003 725 2064 in
754 2002 887 2066 circuitu
912 2002 1098 2064 strnuerunt
1124 2017 1204 2062 oras
1232 2001 1297 2061 ecs

136 2108 169 2169 in
192 2105 282 2169 ostiis
304 2106 466 2170 domorum
488 2108 516 2169 et
544 2105 582 2168 in
598 2104 718 2186 plateis
746 2103 963 2169 incendebant.
1001 2107 1030 2166 et
1058 2102 1156 2166 libros
1184 2100 1267 2183 lepis

133 2210 326 2273 inuenerunt
348 2212 377 2271 et
398 2210 625 2273 succenderunt
646 2210 718 2291 ione
741 2209 922 2288 conscissos,
947 2212 977 2271 et
997 2208 1085 2288 apud
1100 2226 1191 2287 quem
1207 2207 1260 2269 in-

134 2311 321 2375 ueniebatnr
343 2310 420 2375 liber
441 2313 619 2392 testamenti
641 2318 669 2376 et
692 2313 721 2376 si
743 2313 816 2392 quis
838 2309 1048 2375 consentiebat
1072 2308 1149 2392 lepi,
1185 2329 1260 2373 con-

132 2415 257 2479 stitutio
280 2415 363 2496 repis
384 2415 594 2496 interficiebat
617 2436 696 2479 cum.
734 2417 771 2479 in
800 2415 921 2478 uirtute
950 2427 1011 2477 sna
1033 2412 1195 2493 faciebant
1218 2411 1262 2476 ad

27 2603 30 2607 .
133 2516 237 2581 Israel
270 2516 320 2580 bis
353 2518 408 2597 qui
441 2517 690 2581 inueniebautur
719 2519 757 2581 in
788 2519 875 2581 omni
903 2536 1007 2580 mense
1035 2520 1064 2579 et
1093 2534 1198 2579 mense
1224 2515 1299 2578 inm

133 2619 338 2697 ciuitatibns;
364 2624 393 2683 et
414 2624 533 2701 quarta
554 2626 584 2684 et
605 2621 758 2685 uicesima
779 2623 896 2684 mensis
918 2618 1144 2702 sacrificabant
1165 2637 1263 2699 super

133 2743 226 2786 arum
247 2742 328 2803 qnae
350 2726 419 2786 erat
441 2742 536 2804 super
558 2723 669 2787 altare.
693 2722 886 2788 etmnlieres
900 2743 980 2804 qnae
995 2722 1262 2788 circumciderant

132 2829 225 2889 natos
248 2844 320 2890 suos
341 2826 573 2908 interficiebant
594 2827 765 2891 secundum
780 2831 997 2910 praeceptum.
1027 2823 1262 2906 suspendebant

132 2927 274 3008 infantes
302 2948 323 2991 α
351 2928 524 2992 ceruicibus
553 2948 660 2993 eorum
688 2933 717 2992 et
743 2929 780 2992 in
808 2928 915 2993 domos
943 2948 1050 2992 eorum
1080 2931 1109 2990 et
1130 2945 1181 2991 eos
1204 2927 1262 3007 qui

132 3030 397 3095 circumciderant
418 3050 477 3096 eos.
517 3031 661 3096 etmulti
682 3033 719 3095 in
742 3031 846 3096 Israel
869 3031 1073 3096 obtinuerunt
1092 3035 1120 3092 et
1142 3030 1260 3111 condr·
1274 3044 1299 3086 νῦ

133 3133 216 3197 mati
237 3138 312 3197 sunt
333 3135 371 3197 in
394 3135 453 3219 eis,
482 3138 518 3198 ut
539 3154 606 3199 non
628 3136 860 3200 manducarent
880 3134 1076 3214 communia,
1104 3136 1134 3195 et
1154 3151 1261 3196 susce·

129 3239 253 3318 perunt
279 3237 378 3320 mori,
413 3241 450 3300 ut
476 3255 540 3301 non
564 3236 784 3318 polluerentur
805 3237 882 3303 escis
903 3242 931 3301 et
953 3257 1019 3300 non
1041 3235 1263 3317 profanarent

133 3343 356 3404 testamentum
383 3344 540 3406 sanctum.
578 3344 607 3404 et
627 3339 717 3421 facta
745 3347 789 3405 est
815 3341 870 3404 iro
895 3360 1014 3423 mapno
1036 3359 1131 3420 snper
1152 3336 1262 3404 Israel

133 3443 232 3506 nimis
260 3443 297 3506 in
326 3442 432 3506 diebus
457 3442 533 3507 illis.
572 3447 602 3509 et
622 3444 763 3508 surrexit
786 3442 968 3508 Motatbias
989 3443 1080 3526 pilius
1101 3442 1262 3506 lobannis

134 3545 292 3611 Simeonis
313 3547 458 3611 sacerdos
477 3547 622 3629 filiorum
636 3547 747 3613 Icarib
762 3547 801 3612 ab
816 3547 1026 3628 Hierusalem,
1051 3550 1079 3610 et
1100 3545 1176 3610 buic
1196 3545 1262 3628 filii
1274 3558 1299 3598 ω

134 3649 281 3731 quinque,
305 3649 338 3713 ei
357 3648 456 3713 infre:
479 3655 507 3714 et
529 3650 681 3714 uiderunt
701 3651 915 3732 blaspbemius
937 3669 1018 3731 auos
1039 3649 1204 3731 faciebant
1225 3650 1263 3712 in

133 3751 219 3815 luda
241 3754 271 3816 et
292 3752 329 3815 in
352 3752 471 3832 Israel,
505 3757 534 3815 et
555 3753 657 3817 dicit:
691 3752 751 3817 luen
773 3773 839 3837 me,
874 3753 1010 3834 utquid
1038 3753 1123 3817 istud
1153 3751 1261 3832 factus

236 3937 629 4004 ultricium-ee
698 3938 907 4002 eliezer

182 4045 345 4146 iedlemnee
358 4110 382 4160 o,
400 4093 483 4146 solem
498 4094 525 4147 V
617 4093 649 4145 13
668 4109 758 4146 omnes
777 4092 988 4162 derelinquentes
1007 4111 1022 4146 c
1127 4093 1160 4145 16
1179 4092 1260 4144 osteis

131 4183 193 4232 m·1
301 4180 331 4232 ll
350 4179 481 4232 conciseoe
500 4195 534 4232 eu
547 4178 677 4232 consciens
697 4193 767 4231 corr.
786 4183 853 4231 m.1
958 4178 991 4231 20
1009 4175 1195 4230 inueniebetur

131 4278 165 4330 es
181 4247 302 4335 mtshtts
322 4285 403 4350 (corr.
424 4299 456 4336 a.
477 4283 537 4350 αα.)
