2850 4754
490 411 655 464 horiendum
674 428 730 465 esse
747 428 793 480 pro
812 413 855 466 dei
872 414 935 467 tilio.
1207 400 1273 483 ’305

147 621 271 684 parare
294 603 399 692 fitium
418 608 479 684 put
478 605 519 669 ri
558 605 683 666 auteur
706 602 865 666 dominum
882 602 996 667 dixisse
1015 604 1190 669 arbitreris:
1215 612 1270 688 pai

153 726 200 770 me
221 706 307 772 uidit
329 707 465 770 uiditet
437 711 543 786 ettpa
544 727 619 787 rem,
644 707 690 769 et:
714 711 815 788 epoet
832 727 879 786 pu
881 711 926 769 ter
947 727 1047 770 uuum
1069 724 1187 791 sumus,
1211 711 1269 775 nisi

154 809 238 890 quod
260 829 323 873 una
346 810 387 872 sit
408 809 548 890 potentia
569 808 723 889 petiiset
745 807 880 872 fihirt
866 810 902 871 tu
932 808 1020 886 dicis,
1051 811 1132 891 quod
1155 813 1271 877 hebeat

153 911 236 976 filius
259 912 398 984 initium;
424 912 456 974 et
478 930 533 975 nos
557 911 689 974 dicimus
713 911 778 975 sine
800 911 889 975 initio
914 929 991 988 esse,
1009 912 1164 994 siquidem
1181 933 1270 979 omne

130 1031 142 1070 ⁵
155 1014 237 1096 quod
249 1016 346 1079 habet
359 1014 481 1077 initium
494 1015 525 1075 et
536 1013 630 1077 finem
642 1014 741 1094 possit
751 1015 867 1078 hahere
879 1031 1006 1078 necesse
1021 1015 1076 1079 est.
1090 1015 1185 1097 igitur
1198 1036 1269 1082 cum

155 1117 319 1180 credamus
332 1117 458 1180 unicum
474 1117 524 1179 dei
541 1116 641 1178 filium
657 1118 817 1179 ueternum
834 1136 912 1193 esse,
929 1118 987 1180 hoc
1005 1118 1053 1181 est
1068 1119 1269 1184 coaeternum

150 1203 234 1300 'patri
259 1221 290 1282 et
313 1238 369 1283 uos
391 1220 498 1282 hostes
522 1218 573 1281 dei
594 1220 725 1301 negetis,
749 1238 849 1282 nonne
870 1220 1045 1283 rectissime
1062 1221 1222 1286 dementes
1240 1227 1271 1287 et

153 1321 236 1386 omni
259 1322 409 1385 uecordia
438 1321 596 1402 saginatos
624 1321 705 1385 filios
737 1321 934 1402 pestilentiae
957 1340 1014 1386 uos
1036 1329 1270 1405 nuncupemus?

153 1423 328 1505 dequibus
356 1424 475 1487 clamet
501 1425 612 1488 heatus
645 1424 813 1505 apostolus,
843 1425 878 1486 ut
905 1424 979 1487 tunc
1004 1424 1042 1488 de
1065 1426 1207 1491 Iudaeis:
1241 1433 1270 1492 et

115 1529 233 1591 1osicut
256 1547 321 1591 uou
341 1527 554 1607 probaueruut
576 1528 668 1591 deum
690 1526 801 1590 habere
822 1528 859 1590 iu
881 1528 1006 1604 aetitia,
1037 1530 1175 1592 tradidit
1197 1529 1280 1595 iitos'

151 1630 230 1694 deus
252 1631 288 1693 iu
309 1630 473 1709 reprobum
493 1650 627 1709 seusam,
652 1635 686 1693 ut
699 1631 827 1712 faciaut
842 1650 878 1693 ea
893 1649 973 1711 quae
988 1650 1051 1693 uou
1066 1633 1267 1716 couueuiaut,

153 1732 249 1796 etad
272 1731 502 1814 Philippenses:
528 1734 737 1797 coimitatores
759 1734 819 1796 mci
842 1737 943 1813 estote,
967 1732 1092 1816 fratres,
1116 1738 1146 1796 et
1166 1735 1267 1819 obser-

145 1838 225 1899 'uate
253 1855 303 1927 eos
330 1837 386 1917 qui
412 1836 458 1899 sic
486 1835 662 1914 ambularit,
694 1837 776 1899 sieut
802 1835 922 1899 habetis
948 1836 1086 1913 formam
1113 1841 1265 1901 uostram.

149 1937 245 2002 multi
267 1938 352 2002 euim
373 1937 548 2028 ambuiaut,
571 1940 653 2019 quod
674 1958 765 2018 saepe
786 1937 926 2002 dicebam
941 1937 1036 2016 uobis,
1060 1958 1146 2002 uuuc
1162 1943 1267 2004 autem

115 2039 377 2120 serueueram,
399 2041 557 2104 iuimicos'
570 2041 672 2105 crucis
696 2039 824 2125 Christi,
847 2061 981 2122 puomrm
1001 2043 1079 2123 fiais
1101 2047 1145 2106 est
1167 2043 1267 2131 iuter-

149 2143 226 2223 itus,
251 2162 384 2222 quorum
406 2142 483 2206 deus
504 2146 614 2206 ueuter
635 2145 688 2224 cst,
712 2142 860 2225 ctptoria
875 2144 912 2205 iu
927 2143 1110 2224 coufusiome
1125 2144 1266 2226 ipsorum

150 2245 207 2325 qui
227 2249 353 2309 terreua
375 2245 515 2324 sapiuut,
549 2244 581 2308 et
604 2243 644 2308 ad
668 2244 871 2308 Timotheum
890 2242 928 2307 de
950 2243 992 2322 te,
1024 2246 1196 2323 Constanti,
1232 2245 1267 2310 ae
1356 2305 1358 2308 ,

145 2347 209 2412 'tibi
233 2347 446 2410 dilectissimis
475 2346 665 2428 conpenditis
692 2346 771 2410 tuis:
805 2348 940 2427 spiritus
968 2352 1072 2411 autem
1099 2347 1268 2429 mauifeste

150 2451 230 2514 dicit
258 2453 334 2532 quia
363 2451 399 2513 iu
427 2450 613 2514 uouissimis
642 2449 828 2530 temporibus
850 2450 989 2514 recedeut
1011 2451 1142 2531 puidam
1164 2472 1184 2514 a
1204 2451 1267 2533 fide

115 2553 352 2617 uuueeumuus
380 2552 548 2634 spiritibus
575 2552 797 2627 seductoribus,
832 2552 986 2616 doctricis
1006 2553 1265 2639 daemomonum,

146 2656 188 2718 ‘iu
210 2655 368 2738 hypocrisi
389 2656 736 2737 meuduciiopueutium,
760 2655 971 2720 cauteriatam
993 2655 1174 2719 habentium
1196 2677 1266 2721 cou-

151 2759 318 2824 scieutiam
339 2778 442 2823 suram.
487 2778 544 2822 uos
568 2758 668 2822 adhuc
698 2757 833 2840 percutit
856 2757 949 2838 etque
970 2754 1119 2821 interficit
1141 2756 1267 2839 spiritus

151 2861 279 2924 sanctus
303 2879 355 2925 ore
373 2861 512 2926 eiusdem
528 2861 613 2925 beati
630 2859 762 2942 apostoli
778 2860 883 2924 Pauli:
906 2860 942 2924 iu
957 2861 1143 2924 nouissimis
1158 2861 1266 2946 diebus

150 2948 324 3028 'udueuieut
338 2969 480 3046 tempora
490 2965 683 3045 periculosa.
707 2968 800 3027 eruut
814 2963 956 3027 homiues
971 2983 1002 3026 se
1016 2964 1100 3044 ipsos
1115 2967 1266 3047 aurautes',

115 3072 138 3124 ie
152 3067 271 3151 cupidi,
296 3066 432 3147 superbi,
457 3067 625 3148 fastidiosi,
648 3066 833 3145 blasphemi,
852 3066 1042 3146 pareatibus
1063 3086 1128 3130 uou
1143 3067 1266 3132 oboedi-

154 3174 245 3254 e'utcs,
268 3171 403 3253 imprati,
428 3171 557 3248 scelesti,
578 3171 647 3234 siue
669 3169 853 3250 adfectione,
880 3170 949 3233 siue
970 3169 1041 3252 hdo,
1070 3169 1266 3248 detractores,

151 3274 389 3351 iucoutiueutes‚
413 3274 551 3350 immites,
581 3273 649 3335 siue
671 3272 871 3354 bemipuitate,
894 3271 1082 3352 proditores,
1114 3272 1265 3351 proterui,

152 3373 267 3454 iufiati,
283 3376 488 3456 uotuptatum
504 3378 662 3438 amatores
672 3375 775 3455 mapis
790 3393 886 3454 quum
899 3374 958 3455 dei,
975 3373 1120 3437 hubeutes
1135 3375 1266 3454 speciem

148 3477 291 3557 pietatis,
323 3478 490 3542 ueritatem
512 3479 617 3542 autem
639 3479 744 3559 ipsius
765 3481 932 3569 aepoutes,·
953 3477 1058 3541 ethos
1080 3477 1197 3561 deuito,
1223 3473 1268 3565 'et

118 3579 245 3643 rinna:
280 3581 539 3661 pueruudmodum
567 3585 673 3644 autem
695 3580 817 3644 Iauues
847 3583 874 3643 et
898 3579 1059 3643 Mambrcs
1081 3580 1266 3643 resisteruut

153 3684 273 3766 Mopsi,
297 3684 343 3747 sic
360 3687 388 3747 et
410 3682 445 3746 hi
467 3684 610 3746 resistemt
632 3683 774 3766 ueritati,
798 3682 944 3746 homiues
961 3683 1102 3761 corrupti
1123 3685 1225 3746 meute
1240 3687 1267 3746 ct

253 3885 436 3953 110n.14,e
531 3885 599 3938 nso.
619 3885 660 3948 ιο,
680 3884 713 3937 so
808 3885 914 3938 suom.
934 3884 958 3949 1,
973 3884 1010 3945 ,ae
1105 3884 1137 3937 12
1155 3852 1223 3940 unu,
1241 3887 1267 3950 3,

151 3972 252 4026 17-19
323 3969 469 4025 usum.
488 3971 513 4035 4,
533 3969 590 4026 1.2
660 3969 817 4026 sennim.
836 3971 861 4034 3,
881 3970 947 4022 1-s
1016 3969 1101 4024 sose.
1120 3970 1144 4033 e,
1164 3969 1222 4024 es

202 4143 301 4211 lqnee
371 4144 587 4196 dcosaeternum
655 4141 827 4195 8usecorolia
896 4109 928 4194 14
948 4149 1010 4210 quos
1028 4141 1145 4208 Lucifer
1158 4158 1188 4209 p.
1206 4146 1266 4206 199,

149 4233 184 4281 19
254 4229 285 4281 17
304 4227 477 4281 thimotheum
554 4227 585 4280 19
604 4227 708 4295 quidem
781 4225 815 4278 23
832 4226 908 4280 Pauli
926 4243 1010 4280 omo
1078 4227 1111 4280 25
1130 4226 1267 4280 oboedien-

149 4313 221 4366 tibus
238 4313 349 4381 ingretis
418 4313 451 4365 30
468 4312 605 4365 Iamneso
673 4313 827 4365 restiterunt
843 4312 909 4378 fort.
978 4313 1009 4365 31
1028 4315 1129 4366 mente*
1170 4330 1172 4337 ·

200 4415 280 4469 ΧΠΠ.
1144 4414 1184 4466 ‘hh
