2850 4754
132 363 236 410 XXIIII

134 531 253 594 tueris
277 531 487 613 (coustituerit
508 530 558 616 V),
590 532 654 597 lece
684 532 832 598 catholici
861 533 985 598 miseris
1011 534 1256 619 consacrileyum

132 636 223 697 tuum
241 631 416 715 crucum,
441 651 521 715 quae
536 632 680 698 Latinius
701 633 831 700 liberius
853 633 1034 702 immuteuit
1056 638 1118 703 leco
1141 638 1164 703 i.
1186 639 1255 704 iui-

131 754 230 816 quum
252 735 336 801 uitii
357 736 478 825 ueritus
499 738 676 802 restitueris
698 755 755 801 nec
778 737 879 812 recte;
903 756 976 802 nam
999 738 1037 803 de
1058 739 1256 827 restituendo

132 836 271 920 Georgie
285 856 345 902 nen
362 837 522 921 agebatur.
539 877 581 886 —
596 838 627 917 4,
652 837 692 903 15
715 839 750 904 id
771 839 854 921 qued
872 861 946 924 erqo
969 842 1128 908 intendere
1150 861 1255 925 coepe-

133 960 244 1005 ramus
266 960 326 1023 que
342 942 476 1023 penitus
491 944 651 1025 possimus
669 947 680 1027 (
682 962 853 1024 possumus
863 941 910 1026 V)
929 944 1099 1025 perducere
1116 944 1165 1010 'cd
1179 963 1256 1028 pre-

133 1043 297 1125 butiouem,
315 1043 432 1126 lecistis
446 1045 538 1109 deum
553 1045 680 1110 dixisse.
704 1043 749 1109 616
767 1043 854 1108 recte
872 1044 971 1110 Tiliue
994 1045 1066 1124 265,
1084 1045 1125 1112 15
1139 1068 1199 1129 quc
1215 1087 1257 1096 —

126 1145 272 1228 bossiut
296 1149 443 1228 (possunt
464 1148 517 1228 V).
555 1145 679 1211 Lucifer
714 1145 795 1210 enirn
826 1147 911 1212 amet
937 1168 998 1230 quo
1025 1140 1095 1214 1666
1123 1154 1158 1214 61
1184 1150 1257 1214 ente

49 1296 59 1319 ,
133 1248 249 1313 formes
278 1248 367 1313 uerbi
390 1268 482 1331 pesse
512 1248 659 1315 adhibere
691 1249 817 1343 etcum
838 1251 969 1332 peuitus
991 1250 1178 1333 coniungere
1203 1251 1257 1337 (61.

131 1350 196 1416 ind.
224 1370 254 1433 p.
278 1351 371 1432 373);
406 1373 428 1415 u
450 1351 517 1415 eti
544 1369 619 1417 uero
648 1351 773 1435 saepius
801 1351 970 1429 fluctuent;
1004 1352 1043 1417 cf.
1072 1352 1102 1431 9,
1131 1354 1173 1419 29
1201 1355 1258 1420 ab·

132 1489 251 1564 6666,
275 1462 661 1591 surrecturum
681 1462 1059 1592 uueieeuufu'ser)
1082 1490 1189 1574 reaque
1207 1494 1256 1570 re,

136 1611 176 1676 18
199 1610 332 1674 uudeet
356 1610 545 1694 fuyieudum
573 1612 724 1677 ducimus
747 1612 902 1695 (dicimus
923 1609 966 1692 V)
989 1615 1078 1675 teuc
1101 1615 1171 1677 tues
1191 1610 1257 1682 La-

133 1720 246 1798 116166,
292 1719 363 1800 190,
399 1719 439 1785 10
475 1723 546 1804 quis
581 1721 670 1786 berne
707 1723 758 1787 dei
795 1721 1006 1787 sacerdotibus
1041 1723 1258 1807 iupoueudum

136 1824 256 1888 duuisti
287 1824 413 1912 (dixisti
434 1822 477 1905 V)
506 1825 721 1889 uecessitcteur
752 1841 812 1888 non
842 1822 909 1888 sine
935 1825 1156 1907 probabilitate
1191 1827 1257 1905 ipse

113 1981 115 1985 ,
136 1925 265 1991 6661661.
301 1927 397 1992 etiem
419 1928 493 2006 277,
507 1927 547 1992 21
572 1931 599 1992 16
619 1927 812 2008 superiorem
829 1927 951 2005 ducere
967 1927 1083 2010 (dicere
1095 1927 1138 2009 V)
1154 1928 1257 2010 magis

135 2029 284 2114 pleceret.
317 2069 368 2083 ..,
393 2031 422 2109 8,
458 2030 497 2095 31
535 2031 564 2094 si
600 2030 758 2095 uobiscum
792 2030 949 2094 Arriuuis
993 2049 1118 2111 precem
1152 2029 1257 2111 fudis-

133 2124 247 2217 semus,
273 2134 302 2213 si
324 2134 455 2214 denique
475 2133 582 2214 passi
604 2142 730 2214 (passos
752 2132 792 2214 V)
818 2152 874 2196 uos
894 2132 1063 2214 fuissemus
1085 2134 1194 2197 emuiu
1216 2171 1258 2181 —

134 2235 296 2319 celebrere,
327 2254 407 2317 quae
435 2236 582 2317 corrupte
611 2253 679 2299 6666
708 2235 865 2299 neminem
887 2235 1006 2299 uidisse
1031 2235 1099 2299 iure
1121 2235 1255 2301 mireris.

54 2425 56 2429 Ι
135 2338 249 2403 melius
274 2338 369 2402 etiem
391 2337 443 2415 24,
462 2329 498 2401 11
524 2336 712 2402 scriberetur
727 2339 859 2421 diquum
874 2342 951 2403 esset
971 2339 1073 2422 mucis
1091 2357 1147 2403 uos
1161 2337 1259 2420 filios

138 2441 267 2525 (6161)
291 2441 473 2507 aduersarii
494 2441 820 2524 6666166696696166
842 2441 878 2506 iu
899 2460 1001 2505 uuuue
1021 2440 1127 2504 uideri
1149 2444 1177 2503 et
1199 2458 1257 2504 uos

136 2549 248 2611 coutre
269 2545 386 2609 milites
403 2543 524 2610 Christi
545 2545 582 2607 iu
599 2564 710 2626 uuuru,
733 2542 790 2608 sed
806 2544 913 2608 durius
930 2543 1025 2607 etiem·
1042 2561 1110 2607 6666
1126 2543 1257 2624 apparet

121 2649 222 2731 ¹quod
243 2649 294 2726 32,
318 2647 360 2712 30
380 2646 512 2729 legitur:
535 2648 631 2728 uobis,
655 2648 891 2712 uduersurii
912 2648 963 2712 dei
977 2647 1151 2729 reticiouis,
1174 2645 1259 2709 serui

139 2752 261 2818 Obristi
291 2757 497 2833 potueramus
529 2769 592 2815 esse
624 2750 792 2831 ceuiuucti,
830 2749 919 2814 66166
952 2749 1023 2814 1666
1060 2748 1259 2812 aduersariis

139 2854 310 2936 exspectes.
333 2891 375 2900 -
399 2852 448 2930 18,
474 2852 513 2918 12
535 2853 581 2918 sic
604 2853 757 2918 Murcicu
778 2872 809 2916 se
833 2853 1039 2938 (murciouem
1054 2851 1096 2932 V)
1120 2850 1260 2914 eucisuru

131 2958 269 3038 proiecit
290 2957 346 3038 qui
367 2955 507 3020 uetuerit
528 2957 580 3021 dci
607 2956 713 3039 {ilium
734 2957 894 3020 homiuem
914 2955 1083 3036 suscepisse
1103 2952 1258 3034 66611661.

137 3059 171 3123 id
200 3059 282 3124 enirn
310 3057 412 3123 166166
440 3059 488 3124 661
514 3059 699 3137 remedium,
730 3076 824 3140 quem
851 3075 964 3122 uocem
991 3056 1119 3121 ecclesia
1142 3053 1259 3119 addere

140 3163 356 3246 (Murcieueru
378 3160 505 3227 ecclesia
522 3162 668 3243 proiecit)
699 3160 754 3223 eut
776 3159 930 3241 supplere,
959 3157 1048 3222 66166
1072 3155 1110 3219 de
1135 3154 1258 3220 actione

138 3264 217 3330 nihil
247 3264 367 3328 dictum
395 3263 453 3329 est.
491 3264 632 3346 sequitur
662 3262 758 3327 etiam
780 3260 801 3324 1.
826 3262 867 3326 14
888 3262 933 3325 sic
956 3261 1076 3325 eccisus
1100 3262 1146 3332 cst
1166 3263 1260 3340 utque

139 3368 276 3434 abiectus
296 3367 445 3446 Paullus,
473 3365 637 3450 praecedit
656 3365 678 3429 L
702 3365 723 3429 5
749 3364 796 3429 sic
823 3366 957 3445 iuquam
980 3365 1081 3426 sectus
1103 3365 1148 3426 est
1168 3365 1261 3443 utque

134 3473 295 3554 proiectus
317 3475 391 3535 tuus
411 3472 564 3554 66916166
584 3470 705 3535 Arrius
728 3469 761 3533 et
784 3467 835 3547 17,
857 3466 898 3530 27
920 3465 1052 3534 secuisse
1066 3483 1104 3529 -se
1124 3464 1261 3528 Arrium

140 3579 170 3640 et
186 3574 363 3655 proiecisse.
387 3609 430 3621 -
451 3573 502 3651 66,
526 3573 566 3637 21
597 3592 668 3638 curu
690 3572 790 3655 icitur
812 3567 994 3634 huiusmodi
1014 3566 1153 3648 formem
1173 3567 1261 3632 iudi·

139 3675 235 3743 cb'udi
267 3677 386 3744 dedisse
414 3678 508 3742 deum
540 3676 744 3743 aduerteris
779 3675 959 3758 (aduertens
980 3669 1019 3749 V,
1043 3671 1193 3768 aduectas
1215 3672 1260 3754 v),

140 3801 211 3846 curu
224 3817 266 3830 -
282 3780 449 3863 reticueris,
473 3778 557 3862 qued
570 3797 622 3843 me
643 3777 731 3842 recte
754 3775 938 3841 emendasse
961 3772 1147 3839 confirment
1170 3771 1260 3836 eimi-

22 3877 24 3881 ’
139 3883 188 3949 166
218 3882 414 3965 corruptelae
443 3881 515 3960 180,
545 3880 596 3946 10.
612 3881 834 3958 couuiuceus,
867 3876 951 3959 qued
977 3876 1010 3941 in
1039 3866 1263 3941 eouuiuccr'es

141 3986 272 4072 6161661,
295 4012 334 4059 66
357 3991 516 4059 enuntiato
541 4011 632 4057 suum
653 3991 785 4056 uerbum
809 3988 943 4067 deesset,
968 3987 1000 4052 et
1022 3985 1093 4064 166,
1109 3984 1151 4049 29
1174 3985 1261 4050 iudi·

138 4105 235 4233 euris,
260 4151 354 4216 quam
375 4151 458 4198 man.
481 4149 544 4195 ree.
564 4117 711 4195 'conexu
727 4159 769 4178 -
785 4128 835 4207 74,
857 4130 873 4192 1
897 4132 926 4192 e
946 4112 1024 4191 eeu
1044 4125 1125 4189 666
1146 4124 1263 4188 cretea

15 4310 18 4317 .
139 4254 296 4318 muudctc
333 4252 497 4319 culceudc
532 4251 701 4337 (culcuudc
734 4251 796 4332 V):
831 4248 987 4351 ‘suscipite
1022 4233 1264 4312 idolotatricru'.
