2850 4754
133 421 186 468 1111

125 588 204 652 ,cani
243 588 274 653 et
311 589 475 653 cuiusdam
512 589 625 654 Veneti
669 590 888 655 auctoritatem
931 592 1131 671 reuocabant,
1177 611 1259 675 quae

133 692 314 758 obscuriora
342 692 526 757 uiderentur
550 693 715 776 diligenter
742 694 1036 776 interpretabantur.
1075 695 1159 776 quod
1181 713 1258 760 uero

132 796 233 861 multa
253 795 438 878 imperfecta
460 797 513 860 uel
539 796 659 862 intacta
680 797 875 879 rehquerunt
897 816 977 879 quae
1000 797 1119 863 codicis
1142 797 1257 862 auxilio

133 899 217 963 nullo
251 899 377 981 negotio
411 899 555 981 expedire
584 901 738 983 poterant,
776 900 901 964 ueniam
934 918 993 965 non
1031 900 1260 982 denegabimus

133 1002 209 1066 uiris
248 1002 383 1084 optimis,
422 1002 475 1083 qui
511 1002 548 1065 ut
583 1003 657 1066 tuno
694 1003 845 1084 temporis
877 1002 1017 1084 plerique
1052 1021 1159 1067 omnes
1197 1002 1258 1067 sibi

131 1104 220 1170 libris
268 1104 428 1185 impressis
476 1105 569 1169 nimis
611 1105 728 1188 imponi
771 1105 961 1186 paterentur.
1021 1104 1060 1169 de
1105 1104 1259 1170 subsidiis

132 1226 207 1271 uero
242 1207 354 1288 quibus
387 1207 436 1270 usi
470 1207 532 1271 sint
566 1208 598 1272 11
631 1208 776 1272 editionis
809 1207 938 1272 consiho
970 1208 1047 1270 haec
1078 1207 1196 1271 habent
1224 1207 1257 1272 11

133 1308 228 1389 praef.
262 1329 291 1391 p.
320 1309 414 1373 VIII:
451 1303 499 1373 ‘ac
536 1311 672 1392 primum
707 1312 808 1392 ipsam
847 1310 920 1373 Tilii
960 1309 1129 1374 editionem
1167 1309 1259 1375 nobis

134 1412 328 1494 sequendam
349 1414 576 1496 proposuimus,
600 1415 713 1497 quippe
730 1433 810 1496 quae
834 1414 976 1477 ueterum
993 1412 1148 1490 codicum,
1173 1413 1258 1476 unde

133 1515 161 1578 11
183 1514 321 1578 Luciferi
341 1514 438 1580 libros
453 1517 570 1598 primus
587 1517 676 1594 eruit,
696 1517 864 1599 genuinum
882 1516 923 1579 sit
939 1516 1131 1598 exemplum3
1154 1534 1258 1597 neque

135 1616 217 1680 enim
240 1636 320 1699 quae
342 1618 390 1681 illi
412 1619 517 1684 insunt
538 1621 662 1698 menda,
681 1620 867 1704 typographi
882 1620 994 1701 magis,
1018 1638 1112 1700 quam
1128 1619 1258 1683 librari-

135 1739 223 1784 orum
259 1721 455 1804 antiquorum
488 1724 631 1788 inscitiae
666 1724 720 1788 aut
752 1724 891 1787 incuriae
915 1722 988 1786 suut
1008 1720 1185 1798 tribuenda,
1210 1721 1257 1784 uti

133 1821 261 1887 inferius
290 1824 508 1889 monebimus:
532 1826 675 1891 caeterae
706 1844 780 1890 uero
811 1825 974 1901 editiones,
1002 1824 1027 1889 si
1053 1823 1257 1890 Gallandium

134 1926 279 2007 excipias,
301 1927 424 1992 tanturn
449 1928 644 1992 auctoritatis
666 1947 741 2009 prae
764 1947 797 1991 se
816 1946 876 1992 non
898 1927 1011 2006 ferunt,
1035 1927 1070 1990 11
1091 1925 1164 1990 illas
1185 1926 1257 1990 tuto

133 2029 222 2109 sequi
242 2047 414 2109 possemus,
439 2049 511 2093 cum
535 2028 690 2093 editorum
714 2028 886 2105 arbitrium,
910 2047 970 2092 non
987 2047 1087 2109 aequa
1111 2027 1257 2090 animad-

132 2131 244 2208 uersio,
280 2150 400 2196 errores
431 2132 510 2196 forte
545 2131 707 2196 sustulerit
741 2130 870 2212 aliquot,
893 2149 953 2194 non
975 2147 1093 2212 paucos
1115 2131 1202 2193 certe
1224 2129 1254 2192 in

134 2233 259 2297 easdem
289 2234 438 2298 intulerit.
478 2233 534 2299 sed
565 2252 637 2298 cum
660 2233 778 2297 codicis
803 2232 936 2297 11111111
960 2252 1049 2314 opem
1073 2231 1163 2296 nobis
1187 2250 1257 2296 esse

133 2336 343 2400 necessariam
375 2336 566 2413 uideremus,
601 2355 735 2417 quocum
768 2336 890 2400 Tiliana
920 2334 1015 2399 editio
1051 2333 1259 2411 conferretur,

134 2432 222 2500 illum
246 2440 416 2520 opportune
437 2438 470 2501 in
492 2439 647 2503 Vaticana
668 2438 859 2503 bibliotheca
880 2438 965 2502 nacti
986 2457 1093 2502 sumus
1117 2436 1257 2513 saeculo,

135 2536 171 2598 11
186 2539 280 2618 11111,
304 2560 383 2605 1111
400 2541 601 2623 descriptum,
627 2543 657 2606 et
672 2541 703 2604 in
718 2541 831 2605 loeuhs
847 2541 1055 2605 bibhothecae
1073 2539 1256 2602 distinctum

135 2642 492 2723 1111.151111.Ν.Ρ.,
522 2646 610 2710 cuins
640 2645 782 2709 diuersae
812 2663 831 2707 1
855 2642 984 2707 Tihanis
1019 2642 1170 2706 dictiones
1201 2660 1256 2706 11-

137 2742 271 2822 scriptae
294 2748 334 2810 ad
357 2767 412 2811 nos
434 2748 667 2828 perhumaniter
688 2746 891 2810 transmissae
908 2745 995 2820 sunt;
1021 2743 1154 2809 sednon
1171 2744 1256 2808 eius-

136 2842 222 2906 modi
251 2849 332 2923 sunt,
362 2869 441 2931 quae
473 2851 660 2915 sententiam
688 2849 865 2927 immutent,
890 2848 1048 2917 11111111
1070 2847 1256 2928 plemmque

138 2963 242 3024 uoces,
273 2949 362 3011 uaria
388 2952 425 3016 ab
458 2952 549 3016 editis
577 2973 613 3016 ex
638 2952 758 3016 Tihano
781 2951 890 3016 codice
913 2951 1038 3015 nomina
1061 2948 1256 3014 solummodo

136 3051 301 3124 ι1111111111
324 3052 406 3115 unde
426 3055 584 3132 coniicias,
607 3056 722 3137 plures,
747 3055 799 3136 qui
821 3053 968 3135 leguntur
985 3070 1105 3116 errores
1120 3052 1151 3114 in
1166 3051 1258 3116 libris

138 3152 284 3229 Luciferi,
313 3152 430 3226 inculto
463 3157 565 3235 potius
594 3158 625 3220 et
651 3176 750 3239 paene
779 3157 912 3221 barbaro
935 3154 1068 3218 hominis
1092 3153 1163 3216 stilo
1187 3171 1257 3218 esse

138 3255 330 3331 tribuendos,
355 3272 448 3334 quam
461 3255 657 3322 librariorum
673 3258 793 3340 culpae.
826 3258 921 3321 alium
936 3256 1101 3338 praeterea
1115 3255 1257 3319 codicem

139 3359 229 3425 nobis
264 3356 473 3421 adhibendum
504 3359 612 3426 tribuit
645 3362 888 3426 humanissimus
922 3378 996 3430 sane
1027 3360 1058 3422 et
1089 3356 1257 3440 multiphci

141 3461 314 3532 eruditIone
350 3459 481 3523 illustris
518 3462 675 3544 presbyter
706 3466 742 3528 D.
777 3464 958 3528 Matthaeus
991 3460 1137 3544 Aloysius
1176 3460 1256 3523 ciuis

85 3555 89 3564 ’
140 3563 279 3628 Venetus
304 3581 319 3624 e
344 3579 401 3625 sua
422 3561 610 3642 bibliotheca
632 3567 925 3640 uetustissimorum,
947 3563 1133 3645 praesertim
1155 3561 1256 3626 Bibli-

141 3685 249 3731 oorum
271 3665 415 3729 codicum
439 3663 601 3727 ditissima.
639 3667 733 3748 codex
756 3659 826 3747 iste,
851 3686 944 3749 quem
965 3665 1122 3730 Venetam
1146 3663 1254 3746 appel-

139 3768 252 3844 lamus,
291 3767 361 3832 ante
401 3785 496 3830 annos
533 3765 596 3828 1111
632 3767 824 3849 octingentos
858 3770 992 3851 scriptus
1026 3767 1192 3831 Athanasii
1228 3765 1258 3828 11

141 3872 312 3935 Athanasio
346 3869 502 3953 quaedam
532 3868 682 3932 attributa
713 3886 803 3947 opera
833 3872 979 3949 continet,
1009 3871 1040 3934 in
1062 3870 1164 3950 iisque
1186 3869 1256 3932 lon-

140 3975 261 4057 giorem
290 3974 381 4037 huius
404 3971 577 4053 epistolam
610 3969 650 4033 ad
671 3968 858 4048 Luciferum,
888 3973 976 4037 11111
998 3991 1056 4036 ms.
1082 3971 1257 4052 exemplum

142 4096 213 4141 cum
238 4077 360 4141 Tiliana
380 4076 444 4139 iam
468 4073 553 4136 edita
574 4064 781 4137 contulimus'.

183 4197 261 4260 Inde
277 4195 404 4261 Coletos
421 4194 459 4257 de
474 4193 614 4275 pluribus
631 4192 801 4268 codicibus,
826 4191 878 4272 qui
895 4191 973 4256 Tilio
995 4194 1119 4275 praesto
1134 4192 1258 4268 fuerint,

143 4298 221 4363 falso
244 4298 401 4380 cogitasse
424 4315 525 4378 neque
547 4315 643 4359 unum
666 4294 860 4374 eundemque
877 4312 944 4357 esse
959 4292 1146 4359 Vaticanum
1169 4315 1259 4360 suum
