2850 4754
420 353 461 408 De
479 370 533 408 non
550 354 681 424 parcendo
700 356 729 412 in
746 356 824 412 deum
841 357 1062 429 delinquentibus.
1233 365 1295 431 281

173 544 235 626 dlii
256 543 451 628 iniquitatis,
472 561 577 609 semen
598 544 780 609 aduiteram
800 550 829 610 et
851 548 1033 614 meretricis.
1057 549 1093 613 in
1115 570 1174 631 qno
1196 551 1294 617 delec-

175 648 233 710 tati
255 649 330 713 estis
351 651 380 711 et
400 647 439 711 in
461 667 550 728 qnam
565 646 737 728 aperuistis
759 666 793 711 os
815 652 956 713 matram
978 654 1007 712 et
1028 651 1182 716 adnotans
1203 674 1294 735 onem

172 750 343 814 inmisistis
365 749 511 832 lingnam
527 749 693 813 nestram?
715 769 823 814 nonne
840 769 895 815 nos
917 752 991 816 estis
1012 752 1075 833 [ilii
1091 756 1294 838 perditionis,

171 871 273 921 semen
294 852 467 934 iniqmem?
502 852 532 914 et
556 849 616 915 alio
639 849 725 914 loeo:
760 851 863 917 nidete
890 854 968 935 qnia
997 855 1105 919 omnia
1127 864 1294 922 occaecata

147 958 259 1034 isone,
294 975 360 1019 non
388 958 598 1036 copnonernnt
625 972 750 1036 sapere,
785 973 891 1019 omnes
919 974 1014 1020 canes
1041 959 1122 1021 mati
1147 961 1203 1040 qni
1227 980 1295 1025 non

167 1064 317 1140 poterant
345 1059 480 1140 latram,
511 1059 705 1123 somniantes
728 1058 901 1139 incutite,
937 1064 1082 1125 amantes
1110 1061 1293 1129 dormitare.

169 1167 197 1226 et
217 1181 313 1227 canes
335 1163 470 1245 improbi
488 1164 617 1228 anionae
631 1164 803 1227 nescientes
817 1164 1001 1241 satietatem,
1025 1168 1053 1228 et
1067 1170 1144 1228 sant
1156 1187 1291 1248 neqnam

170 1267 340 1330 nescientes
367 1266 576 1349 intellectam,
606 1284 711 1330 onrnes
739 1266 812 1329 nias
839 1284 915 1330 snas
935 1268 1032 1330 secati
1059 1273 1143 1331 sant.
1183 1270 1235 1350 qui
1258 1271 1292 1334 hi

169 1369 242 1430 sunt
265 1367 306 1431 ad
330 1387 407 1449 quos
429 1370 506 1433 haee
529 1368 581 1431 uel
600 1369 725 1450 propter
741 1385 819 1449 quos
836 1366 1000 1443 dicantur?
1023 1388 1134 1451 nempe
1149 1370 1196 1434 illi
1212 1391 1291 1453 quos

136 1470 200 1533 uin
222 1471 374 1536 mcesimo
396 1471 496 1553 primo
517 1471 639 1553 psalmo
661 1470 786 1534 incusat
807 1470 917 1534 unicus
942 1470 993 1534 dei
1015 1471 1099 1537 filius
1118 1492 1171 1538 ore
1186 1475 1291 1539 Dauid

170 1572 293 1638 dicens:
322 1575 595 1640 circumdederant
615 1594 663 1638 me
684 1574 783 1638 nitati
805 1574 908 1650 malti,
938 1575 1027 1638 tanai
1042 1576 1180 1659 pinpnes
1207 1579 1292 1643 obse-

169 1679 287 1743 derant
306 1698 362 1741 me.
400 1682 596 1759 aperuerant
616 1679 654 1742 in
676 1697 724 1741 me
746 1695 780 1741 os
800 1695 909 1758 saum,
940 1679 1023 1741 sicat
1044 1678 1088 1742 leo
1109 1681 1242 1759 rapiens
1263 1685 1292 1744 et

168 1783 307 1864 rapiens,
345 1781 378 1846 et
398 1779 493 1844 infra:
517 1780 789 1846 circumdederant
810 1799 858 1843 me
880 1799 973 1844 canes
995 1780 1099 1863 nmlti,
1123 1783 1292 1848 concilium

168 1884 420 1968 malignantium
448 1884 568 1948 obsedit
596 1904 659 1962 me,
693 1882 844 1963 foderant
875 1901 991 1946 manns
1019 1902 1104 1947 aneas
1132 1888 1163 1948 et
1183 1886 1290 1966 pedes.

131 1991 156 2033 ¹5
169 1987 293 2067 quando
321 1987 429 2068 itaque
451 1987 523 2050 ilios
544 1987 577 2049 in
600 1984 766 2067 sacrilegio
788 1984 956 2066 magistros
985 1985 1057 2049 tuos
1080 1984 1181 2050 dictos
1203 1987 1291 2050 uitu-

167 2087 225 2168 los,
249 2091 357 2153 tauros
379 2090 511 2171 pingues
536 2090 629 2170 atque
653 2106 747 2152 canes
772 2086 927 2164 sinaites,
951 2106 1011 2151 non
1026 2088 1143 2169 poteris
1158 2090 1193 2152 tu
1209 2107 1290 2154 unus

168 2211 206 2255 ex
233 2192 472 2274 malignantium
500 2191 633 2256 coneilio
662 2189 923 2254 contumeliosum
951 2209 1002 2254 me
1028 2190 1185 2270 iudicare,
1216 2193 1291 2274 quia

166 2295 231 2359 illis
253 2296 286 2359 te
309 2314 484 2377 nuncupem
506 2295 683 2359 nominibus
706 2293 819 2374 quibus
842 2293 1095 2374 compestilentes
1116 2295 1163 2358 tui
1184 2295 1291 2358 uocati

168 2399 241 2462 sunt
265 2416 300 2462 ae
323 2400 490 2473 uocantur;
526 2415 627 2479 neque
651 2397 733 2460 enim
755 2397 790 2461 tu
813 2397 914 2460 minor
937 2414 970 2460 es
997 2397 1030 2459 in
1052 2397 1205 2479 nequitia,
1237 2400 1290 2480 qui

127 2502 287 2566 nauseas
312 2501 431 2565 dicere:
460 2507 528 2565 crat
551 2501 676 2583 qnando
699 2519 763 2564 non
785 2503 855 2563 erat
875 2505 903 2563 et
924 2500 1030 2579 tactas
1052 2504 1096 2563 est
1116 2520 1153 2564 ca
1173 2499 1289 2587 nitito,

167 2606 285 2668 utnon
308 2604 371 2668 illis
395 2604 476 2686 aptis
498 2603 556 2668 tibi
579 2602 755 2667 nominibus
778 2602 974 2682 nuncuperis.
1009 2601 1066 2665 sed
1088 2603 1136 2665 uis
1158 2603 1207 2666 his
1229 2623 1290 2668 non

167 2707 339 2789 nuncupari
362 2707 546 2783 nominibus,
570 2707 658 2770 muta
680 2704 749 2768 uias
763 2705 846 2782 tuas,
870 2704 991 2785 corrige
1008 2722 1126 2768 errores
1148 2704 1230 2782 tuoe,
1254 2708 1291 2770 ut

166 2810 368 2875 correxerunt
390 2810 507 2874 Paulus
535 2808 737 2874 beatissimus
767 2808 799 2870 et
827 2806 924 2870 ceteri
953 2825 989 2869 er
1011 2806 1065 2871 illo
1088 2806 1207 2887 perfido
1230 2828 1290 2890 po-

167 2913 250 2995 pulo.
295 2912 369 2994 quin
398 2911 501 2976 dicam
529 2912 603 2976 tibi:
641 2913 781 2991 eripete
810 2932 832 2975 a
864 2911 1115 2994 malignantium
1148 2912 1290 2996 concilio,

130 3015 277 3079 umdeor
300 3032 369 3079 esse
391 3015 450 3079 tibi
472 3013 725 3079 contumeliosus.
761 3032 823 3096 qua
847 3013 885 3077 de
906 3017 961 3077 re?
984 3030 1096 3094 nempe
1119 3015 1193 3096 quia
1213 3034 1289 3097 pro-

167 3117 259 3182 fitear
280 3137 331 3182 me
355 3117 582 3194 Christianum,
615 3117 688 3199 quia
716 3116 869 3180 noluerim
901 3116 1116 3198 derelinquere
1141 3117 1235 3181 deum
1258 3118 1290 3181 et

169 3222 255 3286 abire
277 3221 349 3303 post
370 3220 582 3285 idololatriam
604 3222 701 3284 tuam.
739 3239 801 3285 non
823 3239 879 3284 nos
906 3220 1041 3302 primum
1069 3220 1289 3285 contumeliosi

167 3342 204 3387 ae
229 3325 355 3405 superbi
378 3342 396 3386 a
423 3324 512 3388 uobis
542 3323 619 3387 dicti
648 3341 755 3387 sumus
785 3323 962 3404 sacrilegia
998 3322 1075 3386 dicti
1104 3323 1176 3387 sunt
1206 3323 1286 3386 enim

168 3427 264 3491 etiam
291 3426 339 3490 illi
370 3427 474 3490 cuncti
504 3428 556 3507 qui
585 3426 768 3490 rest'terunt
788 3427 922 3491 firnestis
946 3426 1057 3490 edictIs
1079 3426 1288 3509 contyranno-

128 3536 236 3593 ⁸⁰rum
257 3529 391 3593 tuorum.

208 3633 338 3698 XXXV.
368 3634 409 3698 Ut
432 3633 463 3697 et
485 3632 607 3698 ceteros
628 3633 824 3715 praeteream
845 3633 877 3696 in
900 3632 1043 3697 clausula
1065 3631 1222 3710 orationis,
1248 3633 1288 3696 ad

166 3735 269 3799 solum
290 3736 405 3800 iterum
427 3753 477 3799 me
500 3737 622 3799 uertam
645 3735 834 3800 Antiochum
848 3753 965 3817 regem.
989 3733 1190 3799 iudicabatne
1204 3735 1287 3799 resi·

268 3938 347 3992 4111.
365 3939 407 4002 56,
427 3938 468 3990 10.
486 3939 518 3990 11
590 3938 620 3990 11
640 3937 683 3991 Ρ1.
702 3937 744 4002 21,
763 3937 804 3990 13.
824 3938 856 3991 14
927 3937 959 3989 13
976 3935 1013 3990 ib.
1031 3935 1073 4000 21,
1094 3939 1126 3990 17

216 4146 417 4214 6potuerunto
486 4145 609 4198 lanima
620 4146 692 4200 coni.
707 4143 778 4199 Gall.
849 4142 881 4197 13
894 4143 1012 4197 cecilium
1084 4143 1218 4200 1411111111

164 4267 198 4321 20
211 4240 270 4322 diez
338 4268 369 4321 21
383 4241 536 4353 ndncuperis
605 4267 777 4336 2511111111.
846 4267 878 4320 31
892 4267 1043 4322 etutconi.
1059 4267 1231 4324 Gallandins
