2850 4754
504 361 558 433 ¹De
576 381 667 460 sencto
686 379 833 434 Athanasio
851 377 919 432 liber
935 378 956 433 1.
1260 378 1314 444 85.

172 567 244 648 feeit
267 587 325 632 uos
346 567 436 633 bodie
463 567 611 633 domiuus
638 567 981 650 corcueiieuiqeuis?
1025 567 1173 632 toticruus
1200 567 1305 650 iqitur

172 688 283 734 ereuru
305 671 428 736 demiui
450 669 502 734 dei
523 671 624 734 uestri
646 690 684 734 erc
702 668 805 749 Seleu,
829 673 859 734 et
872 673 961 736 ercet
984 670 1020 734 iu
1034 671 1135 736 medic
1157 673 1302 734 uestrum

172 776 199 834 et
221 771 366 838 liberabit
388 791 445 837 uos
474 773 511 838 de
532 771 679 836 mercibus
701 772 906 837 iuimiceruru
928 776 1116 838 uestrorum.
1161 776 1191 837 et
1212 771 1302 836 misit

166 873 308 955 equus
336 874 379 939 ed
410 873 518 958 sucu,
553 877 582 937 et
609 875 807 938 sustulerunt
838 873 914 939 iude
941 895 1050 940 arcem
1078 875 1211 960 deruiui,
1246 874 1301 939 ubi

145 975 296 1040 ssedebet
312 975 483 1043 Cherubin.
517 980 549 1040 et
568 976 658 1039 erube
680 976 744 1058 diii
759 976 836 1040 Heli
856 997 928 1041 curu
943 997 1021 1042 arca
1036 978 1088 1043 dei
1101 979 1201 1063 ibeut,
1222 977 1300 1058 Ofui

170 1083 199 1142 et
221 1078 346 1158 Fiuees,
377 1079 409 1142 et
429 1076 525 1142 inire:
548 1083 813 1161 eupuqueueruut
833 1079 913 1162 illes,
936 1085 965 1144 et
986 1080 1097 1163 defecit
1118 1083 1173 1146 uir
1195 1079 1299 1146 Israel

170 1202 191 1243 u
219 1186 385 1262 conspectu
413 1181 683 1264 ubicuiqeuururu‚
714 1186 742 1245 et
769 1181 853 1265 fuqit
883 1185 1098 1267 unusquisque
1127 1185 1163 1249 iu
1193 1184 1298 1248 tuber·

171 1285 325 1349 uerutum
347 1304 449 1352 suum.
473 1290 502 1350 et
523 1285 612 1366 fecte
634 1289 678 1349 est
689 1285 791 1368 ptaqe
813 1306 933 1369 meque
946 1287 1052 1370 uelde,
1077 1293 1105 1352 et
1120 1287 1300 1352 cecideruut

170 1407 209 1452 eu
231 1375 337 1452 Israel
365 1388 501 1470 triqiute
529 1386 623 1452 mdiu
644 1389 801 1452 uirorum.
849 1393 878 1453 et
900 1409 980 1454 eree
1002 1391 1053 1456 dci
1073 1395 1169 1474 cepte
1191 1393 1245 1471 eet,
1268 1391 1299 1454 et

129 1491 261 1555 recubo
282 1491 347 1573 dlii
368 1491 445 1557 Heli
459 1492 577 1557 mortui
592 1495 675 1570 suut,
700 1491 732 1554 et
746 1489 841 1554 inire:
865 1496 894 1557 et
913 1494 968 1558 uir
977 1513 1158 1576 properaris
1169 1492 1300 1559 decessit

170 1593 215 1658 ed
236 1592 314 1658 Hdi
335 1594 478 1676 dixitque
499 1594 546 1664 ei:
573 1614 626 1677 eqo
647 1613 718 1658 sum
739 1594 796 1676 qui
816 1596 892 1659 uerri
914 1595 952 1661 de
972 1596 1088 1661 cestris
1109 1595 1237 1679 fuqieus
1259 1595 1298 1660 de

170 1696 290 1776 proelio
312 1696 412 1762 bodie.
437 1700 467 1761 et
488 1696 575 1761 dicit
595 1695 686 1762 Heli:
707 1697 764 1778 qui
786 1715 887 1761 sermo
909 1698 1014 1779 tectus
1037 1703 1090 1778 est,
1111 1697 1236 1782 filiole?
1269 1701 1298 1762 ct

168 1799 332 1881 respoudit
352 1800 408 1863 uir
428 1803 460 1865 et
472 1798 574 1864 dicit:
595 1799 681 1882 fuqit
702 1800 757 1865 uir
770 1800 875 1865 Israd
897 1821 919 1864 u
932 1801 1016 1883 fecie
1030 1800 1297 1886 eiieuiqeueruu‚

168 1905 197 1965 et
218 1902 307 1983 fecte
329 1905 373 1966 est
389 1901 494 1984 piuqe
515 1921 635 1984 meque
656 1903 695 1966 iu
712 1903 843 1987 popule,
867 1905 897 1966 ct
918 1902 1007 1967 umbe
1027 1903 1091 1985 filii
1112 1904 1162 1968 tui
1176 1903 1296 1968 mortui

129 2008 252 2084 usuut,
276 2008 305 2068 et
322 2022 403 2068 aree
424 2003 476 2068 dci
492 2007 589 2084 ccqtu
610 2008 663 2068 est.
692 2007 720 2068 et
742 2004 864 2085 fectum
886 2008 932 2069 est
951 2025 1022 2070 curu
1044 2006 1193 2086 audisset,
1217 2025 1297 2071 areu

168 2107 219 2171 dci
242 2111 339 2187 capta
360 2105 713 2187 retruderemus
734 2106 772 2173 dc
793 2107 874 2172 sdic
894 2108 988 2172 iuste
1005 2112 1145 2192 putem,
1174 2113 1296 2173 etecu-

167 2210 356 2276 tribuiatum
379 2213 424 2274 est
445 2208 576 2273 dorsum
605 2209 681 2293 eius,
714 2211 745 2272 et
772 2213 915 2274 urertuus
941 2213 996 2293 est,
1029 2212 1178 2292 quereiam
1193 2229 1297 2275 seueu

168 2317 237 2378 eret
258 2318 287 2377 et
306 2313 420 2397 qreuis
434 2311 533 2392 bomo,
557 2312 674 2391 etipse
695 2310 858 2376 iudicabat
880 2312 917 2375 iu
932 2310 1038 2377 Israel
1052 2314 1171 2395 uiqiuti
1186 2314 1293 2377 cuuis

169 2415 195 2479 si
223 2416 302 2479 haee
329 2415 416 2478 mele
442 2413 517 2478 Heli
545 2412 703 2478 sacerdoti
735 2412 767 2477 et
793 2410 892 2477 iudici
913 2413 1128 2479 Israelitarum
1157 2432 1218 2479 unc
1242 2415 1293 2479 die

129 2518 331 2597 euenerunt,
355 2518 521 2599 prepterea
544 2518 628 2598 qued
649 2535 720 2595 non,
743 2516 780 2580 ut
801 2516 905 2580 fueret
928 2516 1066 2598 dignum,
1096 2535 1170 2583 sues
1193 2517 1293 2582 easti-

168 2621 277 2703 gesset
298 2619 390 2698 filies,
415 2619 491 2702 quid
512 2619 570 2684 tibi
592 2619 752 2702 religionis
782 2619 834 2683 dei
863 2619 1052 2684 destructori
1081 2620 1183 2684 cernis
1213 2639 1293 2685 uen-

167 2724 283 2801 turum,
306 2722 367 2786 iste
389 2722 421 2785 in
442 2722 513 2786 lece
535 2721 732 2804 probandum
752 2719 812 2785 tibi
834 2719 951 2784 sensui.
975 2722 1059 2802 qued
1082 2722 1165 2786 enim
1188 2741 1225 2786 er
1241 2721 1292 2786 dei

167 2825 275 2889 ueniat
296 2824 470 2903 uoluntate,
493 2825 529 2888 ut
550 2843 607 2891 nos
630 2825 696 2889 eius
720 2824 804 2889 serui
826 2822 1017 2889 subiciamur
1031 2825 1127 2906 guebis
1141 2844 1293 2908 perseeu-

165 2929 286 2994 toribus
308 2928 439 3007 nestris,
473 2928 589 2993 dixisse
619 2947 679 2992 nen
702 2927 850 3010 negabis:
884 2927 950 2991 uisi
977 2932 1089 2993 uostrc
1114 2929 1201 3012 fides,
1236 2928 1293 2995 boc

129 3046 154 3086 2⁶
167 3035 212 3095 est
238 3031 315 3096 berc
342 3051 423 3112 quee
451 3030 570 3096 dieitur
597 3052 619 3096 c
640 3031 790 3112 Lucifero
811 3030 970 3115 Arrieuu,
993 3030 1105 3111 fuisset
1127 3031 1291 3112 catholice,

167 3154 340 3214 uuruquern
362 3135 399 3198 iu
421 3153 526 3198 eruues
541 3134 648 3215 plebes
674 3134 860 3214 accepissem
877 3137 1071 3213 potestatem.
1116 3133 1143 3197 si
1163 3134 1209 3200 ite
1232 3134 1301 3212 est„

164 3237 267 3317 potuit
289 3237 321 3300 et
341 3236 467 3301 illerum
491 3236 785 3318 allophiloruquui
809 3254 914 3300 areum
937 3237 1086 3317 ceperunt
1100 3278 1102 3283 <
1115 3236 1165 3301 dei
1193 3237 1290 3302 tuisse

165 3338 275 3403 melier
299 3357 394 3420 quem
417 3339 466 3404 est
488 3337 539 3403 dei
561 3338 727 3402 cultorum.

205 3441 279 3506 XII.
305 3441 353 3506 Tu
377 3441 456 3506 dieis
478 3440 575 3505 fidem
596 3441 695 3518 tuem,
718 3459 813 3523 quem
842 3460 898 3506 nos
920 3440 1299 3520 nouimus.haeretieam‚·-

130 3543 222 3609 ehoe
245 3542 304 3607 tibi
326 3543 533 3624 praestitisse,
566 3544 624 3608 sed
653 3544 686 3607 et
712 3544 912 3622 Maxentius,
933 3543 1017 3609 Nero
1036 3544 1080 3607 et
1109 3543 1214 3608 cuncti
1241 3542 1290 3608 illi

164 3646 381 3726 persecutores
398 3644 508 3709 demus
524 3645 576 3709 dei
593 3645 737 3709 dixerunt
752 3646 882 3710 deorum
897 3663 1024 3710 suorum
1035 3645 1176 3728 potentie
1191 3644 1301 3711 fuisse

265 3885 281 3937 6
299 3883 312 3936 1
329 3883 393 3953 Reg.
410 3884 436 3947 4,
456 3883 496 3938 10.
515 3884 546 3937 11
618 3883 651 3936 10
668 3883 704 3939 ib.
722 3884 747 3947 4,
767 3885 867 3939 16-18

213 4105 227 4157 1
248 4121 355 4173 quorem
366 4110 428 4159 ru.1
500 4105 532 4159 18
545 4070 601 4160 etde
669 4105 704 4158 24
716 4105 820 4174 dixisse]
834 4107 863 4160 te
876 4106 971 4161 udde
1040 4106 1074 4160 25
1087 4122 1186 4175 quaes.
1200 4107 1216 4160 i.

163 4189 194 4244 26
213 4190 366 4258 accipissem
383 4207 417 4244 ru.
435 4194 451 4242 1
520 4189 560 4260 27Ι
573 4190 612 4245 ed
621 4189 813 4259 ,allophilorum
829 4191 927 4259 supple
945 4189 1012 4244 fides
1080 4191 1132 4244 Dei
1151 4190 1288 4260 quisquam

161 4273 241 4329 fuisse
260 4274 352 4328 melior
370 4290 448 4342 quem
465 4277 506 4327 est
522 4274 574 4327 Dei
592 4275 683 4330 culter.
702 4273 799 4344 Utique
816 4277 880 4331 tue
948 4276 982 4330 29
1000 4275 1167 4331 haereticam
1183 4281 1217 4331 uu
1235 4281 1252 4331 1
