2850 4754
489 382 531 437 De
548 383 641 437 sancto
659 381 806 438 Athanasio
824 381 891 438 liber
908 381 940 436 11
1218 383 1278 450 193

159 590 254 655 crura
284 589 384 650 coque
412 570 449 634 ia
475 569 588 651 amplo
615 587 713 651 aenae
734 570 772 634 ic
795 569 930 636 Caesare
951 568 1080 651 aliquid
1101 569 1277 650 deliquerit.

159 675 299 741 ethnicus
323 673 492 755 aequitatis
513 672 601 738 uiam
622 673 703 737 inter
717 672 846 738 boatum
868 673 1001 738 Paulum
1018 674 1050 737 et
1065 673 1278 755 cohomicidas

157 781 226 845 tuos
248 778 384 842 Iudaeos
406 776 516 855 tenuit,
548 777 580 841 ot
607 777 643 840 tu
667 775 831 840 desideriis
859 776 1014 840 malarum
1036 776 1277 840 meditationum

156 883 281 946 tuarum
302 898 414 963 parcre
442 879 571 962 cupiens
594 879 786 961 aequitatem
807 878 1023 961 iustitiamque
1045 879 1216 944 tollendam
1241 900 1277 945 ex

132 985 298 1050 oeensibus
321 1000 489 1048 censueras
511 981 634 1047 nostris.

196 1087 296 1152 XXV.
322 1084 386 1150 Sed
409 1084 564 1168 quomodo
587 1084 674 1149 istud
695 1084 799 1150 facero
821 1085 1023 1167 potueramus
1045 1086 1130 1168 quod
1150 1086 1186 1151 tu
1209 1087 1277 1152 fieri

156 1191 291 1273 cogebas
314 1187 423 1255 contra
444 1187 608 1265 iustitiam,
640 1187 694 1269 qui
715 1187 966 1252 meminissemus
990 1189 1154 1270 scriptum:
1183 1190 1278 1255 notite

155 1293 301 1358 iudicare
323 1291 496 1357 soouodtcm
512 1309 692 1373 personam,
722 1291 775 1356 scd
795 1291 915 1356 iustum
936 1292 1094 1358 iodicium
1116 1293 1278 1360 iudicate?

155 1397 307 1462 wmcote
328 1393 514 1458 inauditam
536 1411 597 1476 quo
622 1392 727 1458 dixisti
748 1392 901 1475 tompore,
925 1412 981 1459 cur
1003 1414 1063 1460 non
1085 1397 1277 1462 memoratus

120 1511 144 1551 1⁰
157 1517 189 1564 es
213 1497 330 1562 dixisse
345 1495 571 1562 Nicodemum:
593 1497 751 1578 namquid
766 1498 816 1562 lea
829 1502 939 1561 costra
953 1498 1078 1563 iudicat
1091 1500 1128 1564 de
1142 1499 1276 1583 tomice,

156 1603 222 1667 uisi
243 1602 360 1666 oadiot
388 1601 428 1666 ab
459 1602 528 1683 ipso
557 1605 586 1665 et
613 1605 778 1684 coqeoscot
799 1601 877 1682 qaid
897 1601 1030 1683 feeerit?
1074 1620 1129 1666 cur
1151 1603 1279 1668 noluisti

157 1705 258 1770 audiri
280 1724 375 1787 quem
396 1723 485 1768 reum
507 1704 617 1768 mortis
647 1703 762 1782 dixisti,
794 1702 854 1768 nisi
883 1703 957 1785 quia
984 1703 1066 1768 falsa
1089 1704 1278 1771 detulisses?

157 1809 235 1873 dicit
257 1807 402 1873 dominus
426 1806 466 1871 ad
488 1807 640 1872 Iudaeos:
675 1807 730 1889 coi
759 1807 899 1890 loquitar
927 1807 1129 1872 meodooiem
1157 1808 1195 1872 de
1222 1828 1279 1873 suo

156 1913 303 1994 loquitar,
326 1911 478 1994 omnium
500 1895 706 1987 mendacest
726 1914 756 1975 et
772 1914 866 1992 pater
880 1910 956 1974 eius
982 1908 1014 1973 et
1027 1909 1073 1987 tu,
1097 1927 1169 1973 cum
1186 1930 1276 1975 men-

121 2025 145 2066 1⁵
157 2012 217 2078 dax
243 2033 312 2080 esse
334 2012 496 2090 clarueris,
526 2012 675 2077 aestimas
703 2031 764 2077 non
791 2012 824 2074 to
848 2030 917 2076 esse
939 2010 1040 2075 filium
1062 2012 1224 2077 mendacis
1247 2016 1278 2078 et

157 2117 255 2182 audes
269 2116 354 2181 filius
369 2115 532 2180 mendacis
546 2116 705 2195 resistere,
723 2116 888 2180 ueracibus
903 2114 1008 2192 fallax,
1034 2114 1150 2180 domini
1169 2134 1276 2180 sacor-

157 2219 282 2285 dotibus
305 2217 499 2301 sacrilegus?
521 2218 557 2281 tu
581 2217 688 2294 audes,
712 2235 805 2299 quem
821 2216 1024 2281 aduertamus
1041 2235 1108 2284 esse
1123 2219 1278 2284 latronem

157 2322 251 2404 atque
266 2321 368 2385 furem
382 2320 473 2384 illum
495 2338 589 2403 quem
603 2319 852 2403 praeostenderit
868 2319 1012 2385 dominus
1029 2320 1150 2387 dicens:
1174 2342 1277 2401 amco,

156 2447 247 2490 omen
268 2425 338 2490 dico
359 2425 456 2505 colem,
480 2425 536 2507 qai
557 2442 624 2490 arou
645 2424 748 2488 intrat
764 2445 826 2506 per
847 2426 983 2489 manem
1004 2427 1042 2490 ia
1056 2425 1139 2491 scite
1160 2426 1278 2503 mium,

122 2531 208 2595 soced
229 2530 286 2611 qui
308 2529 451 2594 osocodit
464 2548 526 2610 per
547 2527 649 2592 oliam
664 2531 804 2609 perimo,
827 2527 881 2607 iile
901 2528 958 2609 fur
979 2533 1025 2593 est
1038 2534 1068 2593 ct
1089 2529 1180 2594 latro.
1203 2548 1278 2611 por-

155 2632 265 2698 rexisti
288 2633 417 2716 quidem
431 2650 544 2696 manus
567 2630 608 2695 ad
624 2629 741 2696 Christi
764 2649 840 2696 oues
858 2631 1040 2696 antichristo
1055 2631 1277 2707 uindicandam

157 2734 213 2800 sed
235 2735 271 2799 ut
295 2754 329 2801 es
352 2735 477 2818 agnitus
499 2735 549 2799 im
572 2735 667 2817 atquc
687 2735 778 2813 latro,
810 2754 843 2800 es
870 2735 990 2800 uitatus
1015 2736 1108 2819 atque
1130 2736 1276 2800 reiectus.

156 2858 212 2903 cur
233 2839 266 2904 te
289 2839 342 2903 uel
371 2838 620 2921 consacrilegum
647 2838 738 2903 tuum
762 2837 933 2920 Georgium
961 2856 1021 2902 non
1050 2837 1122 2902 sunt
1149 2839 1278 2902 secutae

157 2960 232 3006 oues
256 2941 328 3006 deii
350 2959 407 3006 our
427 2940 528 3018 illum,
552 2959 646 3022 quem
669 2959 739 3006 esse
756 2940 1037 3006 Alexandrinorum
1058 2940 1227 3005 fortissime
1244 2959 1278 3004 es

120 3058 144 3100 ιι
158 3043 266 3108 dolens
290 3043 480 3125 episcopum,
497 3043 667 3108 secuntur?
689 3043 749 3108 nisi
772 3043 846 3125 quia
859 3043 950 3106 illum
965 3043 1092 3125 quidem
1107 3042 1278 3107 instituerit

157 3146 221 3211 illis
244 3146 427 3228 episcopum
451 3146 538 3224 deus,
561 3148 594 3210 te
616 3165 691 3211 uero
715 3147 809 3228 atque
834 3146 1006 3228 Georgium
1030 3145 1070 3210 ad
1092 3146 1277 3210 mactandas

156 3249 192 3313 ut
213 3249 352 3314 latrones
377 3249 409 3313 et
424 3249 509 3314 fures
523 3249 679 3314 inmiserit
694 3248 856 3331 diabolus..
870 3250 926 3331 qui
940 3249 1046 3314 iuret
1055 3269 1115 3331 per
1131 3249 1275 3321 ianuam,

155 3352 267 3436 inquit,
281 3356 395 3434 postor
408 3357 454 3418 est
468 3353 595 3434 ouium5
615 3352 689 3418 taio
704 3353 857 3419 ostiarius
873 3354 984 3434 opert,
1007 3356 1037 3418 et
1051 3371 1123 3416 ocos
1138 3351 1277 3416 audiunt

155 3477 261 3523 uocem
282 3457 350 3522 eius
369 3460 401 3520 ct
421 3474 498 3522 scas
520 3475 591 3522 oues
612 3460 707 3521 uocat
728 3455 920 3521 coccinatim
948 3459 978 3520 et
1004 3454 1108 3520 ednod
1128 3452 1224 3532 illos,·
1249 3456 1278 3518 ct

118 3571 143 3612 ³⁰
156 3580 227 3625 cum
247 3577 325 3624 suos
346 3577 452 3624 omues
473 3558 605 3640 decerit,
627 3559 763 3623 editius
776 3558 878 3643 codd,
902 3562 932 3623 ct
946 3576 1019 3623 oues
1033 3577 1104 3622 eom
1117 3558 1275 3639 scotatm,

155 3664 234 3745 quio
254 3666 414 3727 acuerunt
432 3681 538 3727 uocem
551 3662 637 3742 eias;
659 3661 795 3727 atterum
816 3679 881 3726 coc
902 3664 1059 3738 somnior,
1081 3657 1278 3743 calfaciunt

260 3866 445 3932 eloneae
520 3868 553 3923 10
569 3867 605 3920 ib.
624 3868 649 3930 7,
668 3867 700 3920 51
776 3865 808 3920 13
825 3864 862 3919 ib.
881 3865 959 3931 8,44
1029 3863 1062 3918 18
1079 3862 1115 3920 ib.
1134 3864 1209 3930 10,1

155 3951 188 4005 27
206 3951 243 4006 ib.
263 3951 304 4017 10,
322 3953 390 4005 2-5

208 4122 401 4191 ltemplumo
483 4123 596 4178 Caesare
613 4123 725 4192 scripsi,
743 4122 883 4179 Caesarem
905 4123 944 4179 Vc
1032 4122 1064 4176 16
1081 4119 1162 4176 fallax
1179 4121 1278 4176 domini

116 4222 120 4231 ’
155 4207 356 4263 sacerdotibus?
374 4209 515 4278 sacrilegus
533 4210 561 4263 tu
579 4210 665 4281 uoiqo
683 4210 872 4281 distiuqaitur
958 4208 992 4263 29
1011 4208 1104 4263 educet
1183 4207 1217 4260 30
1234 4207 1278 4278 ad]

156 4296 218 4348 ante
235 4295 373 4350 Latinius

207 4396 289 4452 XIIII.
1144 4397 1177 4452 13
