2850 4754
130 394 194 462 276
620 391 772 447 Luciferi

132 581 251 646 dictum
279 583 328 646 est
358 582 442 664 quod
471 582 554 646 esset
581 581 751 664 impletura
777 581 981 647 manifestum
1010 583 1067 648 est.
1106 583 1256 665 scriptum

132 685 181 749 est
211 683 250 748 de
280 683 465 749 antichristo
494 685 546 749 eui
572 685 608 748 tn
636 684 784 751 similaris
815 687 871 750 aut
899 687 967 768 ipse
998 703 1066 750 esse
1088 685 1255 751 iudicaris:

131 786 226 851 cerba
249 786 404 851 aduersas
426 787 620 851 dtismmcm
642 788 767 852 domani
795 789 936 870 loquetur
963 793 993 853 et
1020 793 1144 854 sanctos
1165 789 1255 853 altis·

130 889 206 953 simi
231 889 283 954 dei
310 888 501 954 lamachii
528 892 558 952 ct
579 891 765 973 excogitabit
785 894 910 956 mutere
935 896 1078 974 tempore
1100 897 1129 958 et
1152 892 1256 976 lepore,

130 996 160 1057 et
180 991 310 1056 deditur
330 991 369 1057 ia
390 1012 491 1057 manu
514 993 592 1058 eius.
616 993 694 1058 haec
709 993 746 1056 tu
763 992 827 1056 iam
846 993 950 1057 fecisti
966 994 1061 1076 atque
1078 1012 1112 1059 es
1127 993 1254 1059 faciens.
1279 1005 1293 1048 ⁵

131 1114 202 1158 cum
226 1095 309 1160 enim
325 1094 420 1160 dicis:
444 1115 509 1160 aaa
530 1100 689 1160 estserae
712 1096 787 1160 deas
808 1097 898 1177 filias
921 1097 982 1178 dei,
1006 1097 1060 1162 sed
1082 1096 1190 1177 factes
1214 1102 1257 1162 est

131 1219 169 1264 ec
191 1199 302 1278 nihilo,
332 1200 430 1263 uerba
450 1197 588 1280 loqueris
612 1197 765 1263 aduersus
795 1198 897 1263 deum.
937 1199 1107 1265 Christiani
1138 1200 1256 1264 etenim

131 1320 204 1366 cum
233 1320 326 1365 unam
356 1301 551 1366 uindicemus
581 1301 779 1366 diuinitatem
807 1303 889 1384 patri
918 1303 950 1367 et
978 1303 1070 1367 unico
1096 1301 1164 1368 filio
1190 1304 1255 1367 eius

133 1405 164 1468 et
185 1405 221 1468 tu
244 1405 287 1468 sis
309 1405 388 1468 hanc
411 1405 550 1469 nostram
572 1404 748 1488 inpugnans
772 1405 994 1482 defensionem,
1019 1405 1064 1470 sis
1087 1405 1255 1470 adstruens

133 1506 172 1571 de
195 1506 260 1571 lilio
282 1507 365 1588 quod
386 1507 486 1588 fcerit
505 1508 633 1589 quando
655 1528 721 1573 eon
744 1507 841 1588 fuerit
864 1509 896 1571 et
921 1509 1003 1590 qaod
1023 1509 1132 1590 factas
1154 1510 1198 1573 sit
1220 1526 1291 1574 ero

132 1610 243 1695 nihilo,
265 1611 373 1692 utique
395 1612 509 1692 probas
530 1612 563 1675 te
587 1612 642 1675 aut
665 1630 734 1675 esse
758 1612 976 1676 antichristum
1000 1611 1054 1675 aut
1076 1612 1165 1676 certe
1190 1611 1255 1676 eius

132 1732 377 1794 praecursorem.
401 1732 502 1796 neque
526 1715 607 1778 enim
629 1715 746 1796 poteris
770 1715 849 1779 alius
874 1733 943 1779 esse
964 1713 1108 1796 intellegi
1124 1714 1187 1779 nisi
1204 1715 1254 1778 aut

132 1836 316 1901 praecursor
340 1816 514 1882 antichristi
538 1818 592 1882 aut
608 1817 819 1894 antichristus,
844 1818 897 1899 qui
913 1816 1031 1882 audeus
1048 1817 1253 1899 apostolicam

134 1921 411 2004 euangelicamque
445 1922 637 1986 haereticam
672 1921 777 1986 dicere
806 1921 903 1985 fidem
936 1921 967 1984 et
995 1921 1083 1984 tuam
1118 1920 1253 2003 temptes

132 2025 360 2108 blasphemiam
390 2025 578 2089 catholicam
608 2024 704 2089 fidem
735 2025 906 2089 uindicare.
944 2023 1091 2088 iniuriam
1122 2023 1156 2087 te
1190 2023 1253 2106 pati
1264 2035 1288 2077 1⁵

133 2129 240 2207 sentis,
264 2128 337 2209 quia
359 2128 462 2192 bestia
485 2146 554 2192 esse
578 2127 693 2192 dicaris
717 2146 735 2191 a
758 2127 864 2202 nobis3
899 2126 1049 2191 inueniris
1073 2127 1251 2210 excogitare

132 2232 228 2296 fidem
249 2232 382 2309 mutare,
406 2232 463 2296 hoc
488 2232 538 2296 est
559 2225 676 2296 utnon
698 2230 744 2296 ita
767 2231 949 2309 credamus,
974 2229 1131 2312 quomodo
1154 2228 1252 2311 patri-

133 2336 246 2400 archae
268 2335 439 2417 prophetae
463 2334 595 2417 apostoli
619 2353 655 2398 ac
679 2336 832 2418 martyres
856 2334 1057 2410 crediderint,
1081 2332 1139 2397 sed
1161 2331 1251 2396 insti-

131 2439 229 2502 tueris
252 2439 297 2502 sic
320 2436 528 2515 eredendum,
565 2437 720 2518 quomodo
744 2436 946 2518 conpenditns
967 2437 1040 2501 tuus
1063 2436 1185 2500 Arrius.
1224 2434 1253 2498 et

133 2540 212 2606 dicis
233 2560 295 2605 nen
316 2542 349 2605 te
370 2541 457 2605 recte
475 2540 536 2604 dici
551 2540 697 2618 bestiam,
721 2559 803 2618 cum,
828 2539 902 2622 quia
916 2541 995 2603 haec
1012 2556 1099 2604 esses
1116 2539 1250 2614 acturus,
1264 2548 1287 2589 ll

132 2645 267 2709 bestiam
288 2645 321 2707 te
346 2662 415 2708 esse
439 2643 552 2707 dixerit
575 2643 792 2707 sanctissimus
814 2643 987 2725 propheta?
1009 2660 1070 2706 non
1090 2643 1251 2717 minores,

133 2747 311 2824 Constanti,
340 2747 471 2810 incredu
486 2746 561 2810 'tate
586 2748 624 2811 ab
648 2746 846 2821 antichristo;
878 2764 951 2810 nam
976 2745 1121 2810 dentibus
1143 2745 1251 2809 ferreis

134 2850 183 2914 dei
207 2869 314 2915 seruos
339 2849 518 2915 deuorando
540 2868 601 2914 non
625 2850 750 2914 desinis.
776 2849 852 2931 quid
875 2849 1038 2930 pluribus?
1069 2848 1146 2912 nihil
1171 2848 1251 2911 anti-

133 2953 269 3017 christus
298 2953 425 3016 acturus
456 2953 517 3030 est,
548 2952 609 3016 nisi
635 2952 671 3017 ut
699 2953 830 3035 negetur
853 2952 964 3016 unlcus
988 2951 1039 3015 dei
1061 2950 1162 3028 filius,
1195 2952 1250 3015 hoc

135 3056 200 3138 agit
223 3055 358 3120 stultitia
381 3055 543 3138 saginatus
564 3054 822 3119 inmundissimos
846 3054 968 3118 animus
989 3054 1073 3118 tuus.
1263 3075 1286 3117 ss

174 3158 307 3223 XXXII.
338 3158 402 3223 Sed
424 3158 625 3240 quantumuis
649 3159 783 3236 saepias,
806 3157 969 3234 nausiant,
992 3156 1148 3221 transient
1169 3157 1251 3221 tem-

133 3280 210 3344 pora
230 3262 288 3325 tua
310 3262 342 3325 et
363 3261 491 3326 uenient
512 3261 577 3338 illa,
603 3261 635 3324 in
660 3262 772 3343 quibus
794 3260 921 3325 uisurus
941 3259 984 3336 te,
1014 3259 1074 3323 nisi
1095 3259 1153 3324 tibi
1177 3278 1251 3325 een-

134 3365 283 3442 sulueris‚
312 3364 344 3427 in
371 3363 426 3428 illo
454 3364 547 3445 igneo
575 3364 670 3428 fluuio
698 3363 919 3440 constitutum,
953 3362 1079 3427 uisurus
1101 3363 1176 3426 tunc
1202 3380 1251 3426 eos

133 3486 210 3549 quos
232 3467 345 3532 infeste
366 3468 576 3549 persequeris
597 3468 763 3549 propterea
786 3466 870 3548 quod
892 3465 991 3531 nolint
1012 3465 1114 3547 perire
1135 3466 1249 3540 tecum,

133 3588 192 3634 non
214 3571 246 3634 in
268 3570 323 3635 ille
345 3570 377 3634 in
401 3588 461 3651 quo
484 3570 519 3634 tu
541 3569 664 3635 iuturus
688 3589 721 3634 es
742 3569 812 3634 loco
834 3569 1070 3645 tormentorum,
1101 3567 1160 3632 sed
1183 3584 1285 3633 cuma

134 3673 253 3754 angelis
281 3673 399 3737 sanctis
427 3673 548 3755 gratias
576 3672 609 3737 et
634 3673 746 3737 landes
774 3671 946 3736 referentes
968 3689 1091 3753 semper
1114 3671 1192 3750 deo,
1221 3672 1250 3734 te

133 3792 208 3838 uero
229 3774 262 3838 in
283 3774 339 3839 illo
360 3775 482 3857 liquore
504 3775 658 3840 flammeo.
683 3775 755 3840 nolo
776 3775 909 3853 mireris,
934 3774 960 3839 si
977 3773 1112 3838 Danihel
1133 3774 1249 3856 glorio-

235 4012 251 4064 3
269 4014 337 4068 Dan.
356 4016 380 4078 7,
399 4015 432 4067 25

184 4232 355 4302 3loqnaetnr
424 4237 454 4289 11
474 4237 643 4292 antichritum
712 4237 744 4289 17
762 4235 889 4290 credimus
908 4241 975 4290 m.1
1046 4235 1080 4288 20
1096 4226 1187 4290 rectae

125 4319 166 4373 27
181 4320 295 4390 nisurus]
312 4336 341 4376 es
359 4322 427 4378 edd.
446 4322 533 4380 Uoletc'
601 4323 636 4378 28
652 4323 698 4378 illo
717 4338 801 4378 omo
