2850 4754
500 387 541 442 Dc
559 391 652 442 sancto
670 389 816 444 Athanasio
834 390 901 445 liber
918 390 938 446 1.
1223 382 1287 461 125

160 577 317 658 nuptibilia
338 577 556 642 inenarrabilis
580 579 612 642 et
632 579 890 657 inconuertibilis,
925 581 1027 663 qualis
1057 583 1107 647 est
1134 584 1166 646 et
1194 583 1284 648 cuins

162 680 208 744 est
230 679 331 755 filius3
365 698 426 744 non
455 700 527 745 eum
560 683 698 765 suscepti
727 684 861 748 hominis
888 702 986 748 causa
1013 684 1044 748 in
1075 684 1161 749 aliud
1190 704 1284 767 quam

162 783 243 864 qnod
266 801 390 864 semper
410 783 471 847 fuit
495 784 600 866 potuit
629 769 821 861 conuertere,
851 786 1104 869 quandoquidem
1130 788 1162 851 in
1184 788 1284 852 forma

162 885 201 949 sit
225 884 276 949 dei
298 885 399 967 patris
422 885 480 962 sni,
510 886 765 969 qnandoquidem
796 888 838 952 sit
867 887 1006 970 aequalis
1028 887 1112 953 filins
1133 889 1226 970 patri,
1249 891 1285 953 nt

140 988 256 1052 trefert
277 988 479 1053 beatissimus
503 989 678 1070 apostolus:
702 991 758 1072 qni
779 1010 851 1055 cnm
872 992 909 1054 in
922 990 1030 1072 formo
1044 991 1095 1055 dei
1110 995 1196 1072 esset,
1220 1011 1285 1056 non

161 1095 205 1155 cst
224 1093 379 1172 rapinam
394 1092 569 1156 arbitratus
584 1111 646 1156 esse
667 1113 698 1157 sc
720 1093 885 1174 aequatem
906 1096 971 1174 deo,
994 1094 1048 1158 scd
1069 1098 1164 1158 semet
1177 1096 1285 1176 ipsam

162 1194 345 1260 cainaninit
375 1194 515 1276 formam
545 1196 704 1276 accipiens
732 1198 829 1263 serni.
875 1215 934 1261 non
970 1197 1051 1261 enim
1086 1198 1161 1280 qnia
1189 1198 1283 1263 dixit:

163 1303 256 1362 semet
266 1298 373 1379 ipsam
384 1299 579 1376 cainaninit,
593 1300 732 1382 formam
742 1301 829 1363 serni
838 1301 1006 1381 accipiens,
1021 1299 1099 1365 deus
1113 1300 1164 1364 dei
1173 1301 1288 1366 unicus

162 1401 245 1466 filius
262 1401 350 1465 aliud
364 1400 432 1466 fieri
446 1401 549 1483 potuit
565 1419 601 1465 ex
616 1400 681 1479 illo,
698 1400 782 1483 quod
799 1401 847 1464 est
862 1401 1106 1484 incorruptibilis
1120 1404 1284 1468 inenarra-

129 1505 233 1569 1⁰bilis
255 1503 460 1580 inmutabilis,
484 1523 556 1569 oum
579 1505 621 1569 sit
645 1523 767 1587 semper
788 1505 820 1568 in
845 1523 880 1569 eo
897 1506 981 1569 statu
998 1507 1143 1572 aeternae
1159 1508 1285 1590 magni·
1343 1590 1345 1593 v

162 1606 279 1671 tudinis
301 1625 441 1683 manens,
464 1607 497 1671 in
520 1626 580 1690 quo
603 1607 645 1671 sit
666 1625 795 1671 manens
819 1607 850 1671 et
874 1607 940 1672 eius
962 1611 1059 1690 pater.
1099 1610 1155 1674 sed
1177 1612 1286 1693 utique

162 1710 376 1792 intellegimus
400 1708 476 1791 qnid
492 1709 533 1773 sit
549 1712 603 1775 sed
618 1714 712 1774 scmct
725 1711 831 1791 ipsam
846 1713 1037 1788 exinaniuit,
1055 1713 1113 1776 hoc
1131 1714 1189 1791 est,
1213 1733 1285 1778 oum

163 1814 203 1878 sit
226 1813 338 1878 similis
362 1814 456 1895 atque
480 1811 622 1894 aequalis
643 1812 725 1894 patri
740 1812 834 1889 filius,
857 1813 963 1876 tamen
981 1814 1065 1895 quod
1082 1816 1113 1878 et
1128 1817 1285 1881 hominem

163 1936 196 1981 se
219 1916 346 1999 propter
367 1917 506 1981 nostram
530 1917 664 1981 salutem
687 1915 755 1980 fieri
779 1916 921 1981 uoluerit.

127 2032 151 2072 1⁵
204 2021 370 2085 XXXIIII.
388 2019 467 2085 Cum
482 2019 589 2101 itaque
603 2020 639 2083 tu
655 2019 872 2083 antichristum
889 2018 1064 2102 susceperis
1079 2039 1134 2102 pro
1151 2022 1284 2101 Christo,

164 2123 237 2206 qnia
258 2140 293 2186 re
316 2141 393 2186 nera
405 2121 461 2186 ille
475 2122 584 2203 faerit,
607 2124 760 2203 quomodo
774 2142 838 2186 non
852 2123 961 2204 faerit,
985 2142 1047 2205 qua
1064 2123 1165 2188 fronte
1182 2124 1284 2190 adhuc

165 2247 198 2292 es
230 2225 381 2291 resistens
411 2224 613 2302 Christianis,
646 2223 706 2309 nisi
733 2225 795 2297 ¹iila
828 2244 891 2307 qua
923 2226 1024 2290 solent
1058 2227 1090 2289 et
1123 2227 1285 2292 adulterae

164 2328 306 2413 pudicis?
329 2347 425 2392 ausus
443 2328 529 2392 iinsti
550 2329 705 2410 temptare
729 2327 881 2392 dominari
896 2329 979 2392 uelle
996 2328 1047 2393 dei
1062 2330 1185 2411 populo,
1209 2332 1286 2396 eub-

163 2433 248 2497 icere
270 2432 354 2496 ueile
378 2429 545 2495 ecclesiam
569 2429 620 2494 dei
634 2432 689 2495 tuo
703 2448 810 2512 regno,
835 2430 973 2495 diuinam
988 2432 1186 2497 maiestatem
1201 2433 1287 2498 illius

128 2536 288 2600 natantum
309 2534 502 2599 metuentem
525 2533 580 2598 tuo
602 2533 699 2597 futtili
720 2533 868 2615 imperim
894 2535 925 2597 et
947 2534 1005 2597 hoc
1030 2533 1156 2615 quidem
1171 2535 1285 2615 fecisti,

166 2639 240 2722 quia
262 2637 405 2702 nesciens
435 2637 478 2701 sis
506 2636 656 2717 scriptum
685 2654 754 2700 esse
784 2635 823 2700 de
851 2637 941 2700 uobis
968 2636 1122 2719 tyrannis:
1152 2644 1288 2720 propter
1340 2712 1343 2717 ,

165 2743 221 2806 toc
242 2740 509 2821 indisciplinatae
531 2741 660 2803 animae
675 2745 883 2818 erroncrnnt;
905 2739 982 2803 dnn
997 2742 1082 2802 enim
1093 2761 1286 2821 persnosnon

165 2846 279 2911 habent
300 2843 408 2925 inipni
434 2863 521 2925 possc
549 2863 581 2907 sc
611 2843 775 2906 dominari
802 2843 930 2906 notioni
957 2848 1152 2919 sanctornm,
1183 2846 1287 2910 uincti

166 2953 367 3014 tenebrosam
389 2949 508 3012 catenis
530 2951 560 3011 ct
573 2946 668 3030 ionpo
684 2951 770 3010 nocte
786 2946 960 3027 compediti,
984 2946 1104 3011 incinsi
1118 2949 1174 3012 snb
1189 2950 1286 3034 tectis,

129 3052 310 3135 asapitini.
355 3050 511 3134 conspicis
540 3051 604 3114 iam
630 3051 663 3113 te
694 3068 763 3114 esse
790 3050 871 3112 inter
900 3048 972 3114 illos
1003 3049 1054 3113 dei
1083 3051 1189 3133 populi
1211 3069 1285 3133 per-

166 3155 336 3232 secutores,
361 3154 399 3219 de
422 3155 535 3236 quibus
549 3153 666 3236 legisti,
691 3153 774 3235 quod
788 3174 857 3217 nno
872 3159 983 3218 cateno
998 3156 1198 3220 nostrornm
1213 3161 1288 3220 sant

166 3278 269 3323 omnes
292 3259 441 3340 coiiipati,
466 3250 648 3322 etiterum:
671 3258 762 3340 dipni
783 3258 909 3338 qnidam
930 3257 983 3321 itii
1004 3258 1236 3344 carmeianen
1258 3263 1289 3322 ct

161 3363 235 3444 pati
257 3381 412 3426 aaronem
434 3360 641 3441 nostrornm,
664 3363 721 3441 qni
743 3359 880 3424 incinsos
895 3360 1074 3425 custodiant
1093 3362 1179 3444 (ilios
1206 3365 1288 3444 taos,

161 3486 222 3547 per
243 3484 320 3546 qnos
340 3465 513 3546 incipiebat
541 3464 761 3544 incorruptam
790 3462 866 3546 lepis
895 3462 1000 3527 tuanen
1028 3465 1115 3528 nitac
1142 3464 1288 3528 omnibns

130 3569 250 3636 saort.
274 3588 313 3632 an
335 3569 466 3651 negabis
489 3566 541 3630 dei
563 3566 720 3631 antistites
742 3567 774 3630 te
796 3566 904 3630 tenere
926 3564 958 3629 in
981 3565 1148 3630 claustris?
1178 3566 1210 3630 et
1232 3583 1288 3630 cur

169 3690 202 3735 es
226 3672 390 3737 detinens?
413 3689 451 3734 ne
473 3670 692 3752 praedicemus
714 3670 800 3733 certe
816 3668 867 3733 dei
883 3668 996 3751 populo
1019 3668 1209 3734 ueritatem?
1232 3686 1291 3734 cur

269 3959 453 4023 amitas
521 3957 554 4011 21
573 3959 633 4026 Sap.
653 3958 694 4021 17,
714 3957 771 4011 1.2
839 3956 985 4023 2611).17,
1006 3959 1038 4010 17
1107 3960 1290 4025 2711).18,4

219 4183 320 4272 inlini
338 4217 407 4288 quon
424 4233 502 4286 qnam
571 4215 603 4269 12
622 4215 723 4285 quoda
792 4214 977 4267 scanienses
1045 4218 1144 4287 tenere]
1163 4222 1294 4277 nosadd.

169 4305 305 4359 Latinius
374 4319 419 4358 cur
436 4320 464 4357 es
482 4303 592 4372 scripsi,
610 4317 669 4356 cum
686 4317 728 4356 res
749 4302 780 4366 V,
799 4315 857 4354 cnm
875 4315 902 4353 es
920 4317 936 4354 o
