<?xml version="1.0" encoding="UTF-8"?>
<!DOCTYPE html PUBLIC "-//W3C//DTD XHTML 1.0 Transitional//EN"
    "http://www.w3.org/TR/xhtml1/DTD/xhtml1-transitional.dtd">
<html xmlns="http://www.w3.org/1999/xhtml" xml:lang="en" lang="en">
 <head>
  <title>
</title>
<meta http-equiv="Content-Type" content="text/html;charset=utf-8" />
  <meta name='ocr-system' content='tesseract 3.04.00' />
  <meta name='ocr-capabilities' content='ocr_page ocr_carea ocr_par ocr_line ocrx_word'/>
</head>
<body>
  <div class='ocr_page' id='page_1' title='image "./lucifericalarit00lucigoog_0224.png"; bbox 0 0 2850 4754; ppageno 0'>
   <div class='ocr_carea' id='block_1_1' title="bbox 508 389 1289 457">
    <p class='ocr_par' dir='ltr' id='par_1_1' title="bbox 508 389 1289 457">
     <span class='ocr_line' id='line_1_1' title="bbox 508 389 1289 457; baseline 0.01 -15"><span class='ocrx_word' id='word_1_1' title='bbox 508 389 549 443; x_wconf 88' lang='lat' dir='ltr'><strong>De</strong></span> <span class='ocrx_word' id='word_1_2' title='bbox 566 392 658 444; x_wconf 76' lang='lat' dir='ltr'><strong>saneto</strong></span> <span class='ocrx_word' id='word_1_3' title='bbox 676 389 822 444; x_wconf 75' lang='lat' dir='ltr'><strong>Athanasio</strong></span> <span class='ocrx_word' id='word_1_4' title='bbox 838 389 905 443; x_wconf 86' lang='lat' dir='ltr'><strong>liber</strong></span> <span class='ocrx_word' id='word_1_5' title='bbox 922 390 954 445; x_wconf 87' lang='lat'><strong>11.</strong></span> <span class='ocrx_word' id='word_1_6' title='bbox 1231 393 1289 457; x_wconf 81' lang='lat' dir='ltr'><strong>l&#39;il</strong></span> 
     </span>
    </p>
   </div>
   <div class='ocr_carea' id='block_1_2' title="bbox 130 576 1297 3851">
    <p class='ocr_par' dir='ltr' id='par_1_2' title="bbox 130 576 1297 3851">
     <span class='ocr_line' id='line_1_2' title="bbox 179 576 1291 660; baseline 0.004 -18"><span class='ocrx_word' id='word_1_7' title='bbox 179 579 269 660; x_wconf 86' lang='lat' dir='ltr'><strong>atque</strong></span> <span class='ocrx_word' id='word_1_8' title='bbox 292 577 501 660; x_wconf 81' lang='lat' dir='ltr'><strong>sacrilegium.</strong></span> <span class='ocrx_word' id='word_1_9' title='bbox 541 577 649 642; x_wconf 87' lang='lat' dir='ltr'><strong>sinon</strong></span> <span class='ocrx_word' id='word_1_10' title='bbox 672 576 784 643; x_wconf 82' lang='lat' dir='ltr'><strong>fuisses</strong></span> <span class='ocrx_word' id='word_1_11' title='bbox 807 578 942 642; x_wconf 83' lang='lat' dir='ltr'><strong>traditus</strong></span> <span class='ocrx_word' id='word_1_12' title='bbox 965 579 1109 658; x_wconf 82' lang='lat' dir='ltr'><strong>satanae,</strong></span> <span class='ocrx_word' id='word_1_13' title='bbox 1140 582 1291 646; x_wconf 71' lang='lat' dir='ltr'><strong>retineres</strong></span> 
     </span>
     <span class='ocr_line' id='line_1_3' title="bbox 180 681 1292 764; baseline 0.003 -20"><span class='ocrx_word' id='word_1_14' title='bbox 180 681 341 745; x_wconf 74' lang='lat' dir='ltr'><strong>Timotheo</strong></span> <span class='ocrx_word' id='word_1_15' title='bbox 364 681 528 761; x_wconf 80' lang='lat' dir='ltr'><strong>scripsisse</strong></span> <span class='ocrx_word' id='word_1_16' title='bbox 551 681 741 762; x_wconf 83' lang='lat' dir='ltr'><strong>apostolum:</strong></span> <span class='ocrx_word' id='word_1_17' title='bbox 764 687 881 747; x_wconf 87' lang='lat' dir='ltr'><strong>seimus</strong></span> <span class='ocrx_word' id='word_1_18' title='bbox 902 687 1006 747; x_wconf 87' lang='lat' dir='ltr'><strong>autern</strong></span> <span class='ocrx_word' id='word_1_19' title='bbox 1034 683 1184 764; x_wconf 77' lang='lat' dir='ltr'><strong>quonian</strong></span> <span class='ocrx_word' id='word_1_20' title='bbox 1211 684 1292 748; x_wconf 89' lang='lat' dir='ltr'><strong>bona</strong></span> 
     </span>
     <span class='ocr_line' id='line_1_4' title="bbox 179 782 1292 867; baseline 0.003 -20"><span class='ocrx_word' id='word_1_21' title='bbox 179 787 220 848; x_wconf 87' lang='lat' dir='ltr'><strong>est</strong></span> <span class='ocrx_word' id='word_1_22' title='bbox 241 782 301 867; x_wconf 81' lang='lat' dir='ltr'><strong>ten,</strong></span> <span class='ocrx_word' id='word_1_23' title='bbox 324 789 354 847; x_wconf 86' lang='lat' dir='ltr'><strong>si</strong></span> <span class='ocrx_word' id='word_1_24' title='bbox 375 783 446 863; x_wconf 81' lang='lat' dir='ltr'><strong>puis</strong></span> <span class='ocrx_word' id='word_1_25' title='bbox 464 804 503 848; x_wconf 89' lang='lat' dir='ltr'><strong>ea</strong></span> <span class='ocrx_word' id='word_1_26' title='bbox 524 782 660 867; x_wconf 83' lang='lat' dir='ltr'><strong>tepitime</strong></span> <span class='ocrx_word' id='word_1_27' title='bbox 681 789 803 866; x_wconf 85' lang='lat' dir='ltr'><strong>utatur,</strong></span> <span class='ocrx_word' id='word_1_28' title='bbox 827 785 927 849; x_wconf 87' lang='lat' dir='ltr'><strong>sciens</strong></span> <span class='ocrx_word' id='word_1_29' title='bbox 948 784 1003 850; x_wconf 88' lang='lat' dir='ltr'><strong>boc</strong></span> <span class='ocrx_word' id='word_1_30' title='bbox 1032 786 1109 867; x_wconf 81' lang='lat' dir='ltr'><strong>puio</strong></span> <span class='ocrx_word' id='word_1_31' title='bbox 1131 787 1213 850; x_wconf 88' lang='lat' dir='ltr'><strong>iusto</strong></span> <span class='ocrx_word' id='word_1_32' title='bbox 1241 785 1292 851; x_wconf 79' lang='lat' dir='ltr'><strong>teu</strong></span> 
     </span>
     <span class='ocr_line' id='line_1_5' title="bbox 177 886 1292 970; baseline 0.003 -20"><span class='ocrx_word' id='word_1_33' title='bbox 177 905 239 950; x_wconf 90' lang='lat' dir='ltr'><strong>uon</strong></span> <span class='ocrx_word' id='word_1_34' title='bbox 259 890 306 950; x_wconf 87' lang='lat' dir='ltr'><strong>est</strong></span> <span class='ocrx_word' id='word_1_35' title='bbox 325 887 440 967; x_wconf 89' lang='lat' dir='ltr'><strong>posita,</strong></span> <span class='ocrx_word' id='word_1_36' title='bbox 464 886 594 950; x_wconf 90' lang='lat' dir='ltr'><strong>iniustis</strong></span> <span class='ocrx_word' id='word_1_37' title='bbox 618 890 722 950; x_wconf 86' lang='lat' dir='ltr'><strong>autem</strong></span> <span class='ocrx_word' id='word_1_38' title='bbox 743 892 771 950; x_wconf 91' lang='lat' dir='ltr'><strong>et</strong></span> <span class='ocrx_word' id='word_1_39' title='bbox 793 907 860 951; x_wconf 91' lang='lat' dir='ltr'><strong>uon</strong></span> <span class='ocrx_word' id='word_1_40' title='bbox 882 887 1109 952; x_wconf 74' lang='lat' dir='ltr'><strong>oboedientibus</strong></span> <span class='ocrx_word' id='word_1_41' title='bbox 1131 892 1161 953; x_wconf 91' lang='lat' dir='ltr'><strong>et</strong></span> <span class='ocrx_word' id='word_1_42' title='bbox 1182 888 1292 970; x_wconf 84' lang='lat' dir='ltr'><strong>inpiis</strong></span> 
     </span>
     <span class='ocr_line' id='line_1_6' title="bbox 155 988 1291 1071; baseline 0.003 -20"><span class='ocrx_word' id='word_1_43' title='bbox 155 994 204 1054; x_wconf 79' lang='lat' dir='ltr'><strong>set</strong></span> <span class='ocrx_word' id='word_1_44' title='bbox 219 989 437 1071; x_wconf 64' lang='lat' dir='ltr'><strong>meritoribus</strong></span> <span class='ocrx_word' id='word_1_45' title='bbox 459 994 486 1054; x_wconf 86' lang='lat' dir='ltr'><strong>et</strong></span> <span class='ocrx_word' id='word_1_46' title='bbox 509 988 667 1053; x_wconf 70' lang='lat' dir='ltr'><strong>recuratis</strong></span> <span class='ocrx_word' id='word_1_47' title='bbox 690 993 719 1052; x_wconf 90' lang='lat' dir='ltr'><strong>et</strong></span> <span class='ocrx_word' id='word_1_48' title='bbox 737 989 898 1070; x_wconf 65' lang='lat' dir='ltr'><strong>masonis,</strong></span> <span class='ocrx_word' id='word_1_49' title='bbox 919 991 1096 1071; x_wconf 85' lang='lat' dir='ltr'><strong>parricidis</strong></span> <span class='ocrx_word' id='word_1_50' title='bbox 1117 994 1147 1054; x_wconf 90' lang='lat' dir='ltr'><strong>et</strong></span> <span class='ocrx_word' id='word_1_51' title='bbox 1176 993 1291 1056; x_wconf 81' lang='lat' dir='ltr'><strong>rustri-</strong></span> 
     </span>
     <span class='ocr_line' id='line_1_7' title="bbox 178 1092 1291 1178; baseline 0.002 -22"><span class='ocrx_word' id='word_1_52' title='bbox 178 1093 265 1171; x_wconf 85' lang='lat' dir='ltr'><strong>cidis‚</strong></span> <span class='ocrx_word' id='word_1_53' title='bbox 288 1092 462 1174; x_wconf 86' lang='lat' dir='ltr'><strong>inpudicis,</strong></span> <span class='ocrx_word' id='word_1_54' title='bbox 487 1092 698 1156; x_wconf 80' lang='lat' dir='ltr'><strong>masculorum</strong></span> <span class='ocrx_word' id='word_1_55' title='bbox 719 1092 976 1176; x_wconf 75' lang='lat' dir='ltr'><strong>concubitoribus,</strong></span> <span class='ocrx_word' id='word_1_56' title='bbox 998 1093 1182 1178; x_wconf 84' lang='lat' dir='ltr'><strong>ptupiuriis,</strong></span> <span class='ocrx_word' id='word_1_57' title='bbox 1205 1115 1291 1158; x_wconf 84' lang='lat' dir='ltr'><strong>meu-</strong></span> 
     </span>
     <span class='ocr_line' id='line_1_8' title="bbox 177 1194 1293 1278; baseline -0.002 -17"><span class='ocrx_word' id='word_1_58' title='bbox 177 1196 312 1274; x_wconf 83' lang='lat' dir='ltr'><strong>dacibus,</strong></span> <span class='ocrx_word' id='word_1_59' title='bbox 329 1195 475 1278; x_wconf 82' lang='lat' dir='ltr'><strong>periuris</strong></span> <span class='ocrx_word' id='word_1_60' title='bbox 496 1199 524 1260; x_wconf 87' lang='lat' dir='ltr'><strong>et</strong></span> <span class='ocrx_word' id='word_1_61' title='bbox 546 1195 574 1258; x_wconf 90' lang='lat' dir='ltr'><strong>si</strong></span> <span class='ocrx_word' id='word_1_62' title='bbox 596 1194 674 1276; x_wconf 83' lang='lat' dir='ltr'><strong>quid</strong></span> <span class='ocrx_word' id='word_1_63' title='bbox 696 1195 787 1259; x_wconf 87' lang='lat' dir='ltr'><strong>atiud</strong></span> <span class='ocrx_word' id='word_1_64' title='bbox 808 1214 907 1259; x_wconf 86' lang='lat' dir='ltr'><strong>sanae</strong></span> <span class='ocrx_word' id='word_1_65' title='bbox 921 1195 1080 1260; x_wconf 86' lang='lat' dir='ltr'><strong>doctrinae</strong></span> <span class='ocrx_word' id='word_1_66' title='bbox 1102 1198 1293 1263; x_wconf 86' lang='lat' dir='ltr'><strong>aduersatur</strong></span> 
     </span>
     <span class='ocr_line' id='line_1_9' title="bbox 175 1297 1293 1380; baseline 0.003 -18"><span class='ocrx_word' id='word_1_67' title='bbox 175 1319 254 1380; x_wconf 78' lang='lat' dir='ltr'><strong>puae</strong></span> <span class='ocrx_word' id='word_1_68' title='bbox 269 1299 449 1364; x_wconf 64' lang='lat' dir='ltr'><strong>&gt;secuudum</strong></span> <span class='ocrx_word' id='word_1_69' title='bbox 471 1297 671 1380; x_wconf 78' lang='lat' dir='ltr'><strong>euuupetiuui</strong></span> <span class='ocrx_word' id='word_1_70' title='bbox 687 1302 733 1361; x_wconf 87' lang='lat' dir='ltr'><strong>est</strong></span> <span class='ocrx_word' id='word_1_71' title='bbox 745 1298 867 1380; x_wconf 79' lang='lat' dir='ltr'><strong>pieriae</strong></span> <span class='ocrx_word' id='word_1_72' title='bbox 882 1298 965 1362; x_wconf 87' lang='lat' dir='ltr'><strong>beuti</strong></span> <span class='ocrx_word' id='word_1_73' title='bbox 979 1298 1030 1362; x_wconf 92' lang='lat' dir='ltr'><strong>dei</strong></span> <span class='ocrx_word' id='word_1_74' title='bbox 1041 1300 1124 1380; x_wconf 77' lang='lat' dir='ltr'><strong>quod</strong></span> <span class='ocrx_word' id='word_1_75' title='bbox 1139 1301 1293 1365; x_wconf 83' lang='lat' dir='ltr'><strong>creditum</strong></span> 
     </span>
     <span class='ocr_line' id='line_1_10' title="bbox 179 1401 1293 1487; baseline 0.001 -21"><span class='ocrx_word' id='word_1_76' title='bbox 179 1406 219 1466; x_wconf 88' lang='lat' dir='ltr'><strong>est</strong></span> <span class='ocrx_word' id='word_1_77' title='bbox 246 1401 336 1467; x_wconf 88' lang='lat' dir='ltr'><strong>ruibi.</strong></span> <span class='ocrx_word' id='word_1_78' title='bbox 382 1402 409 1465; x_wconf 93' lang='lat' dir='ltr'><strong>si</strong></span> <span class='ocrx_word' id='word_1_79' title='bbox 431 1421 491 1467; x_wconf 92' lang='lat' dir='ltr'><strong>non</strong></span> <span class='ocrx_word' id='word_1_80' title='bbox 515 1421 547 1466; x_wconf 88' lang='lat' dir='ltr'><strong>es</strong></span> <span class='ocrx_word' id='word_1_81' title='bbox 569 1401 714 1477; x_wconf 67' lang='lat' dir='ltr'><strong>babitus,</strong></span> <span class='ocrx_word' id='word_1_82' title='bbox 745 1420 780 1465; x_wconf 83' lang='lat' dir='ltr'><strong>ex</strong></span> <span class='ocrx_word' id='word_1_83' title='bbox 804 1420 863 1482; x_wconf 90' lang='lat' dir='ltr'><strong>quo</strong></span> <span class='ocrx_word' id='word_1_84' title='bbox 894 1401 994 1465; x_wconf 89' lang='lat' dir='ltr'><strong>filium</strong></span> <span class='ocrx_word' id='word_1_85' title='bbox 1023 1401 1073 1466; x_wconf 88' lang='lat' dir='ltr'><strong>dei</strong></span> <span class='ocrx_word' id='word_1_86' title='bbox 1101 1405 1233 1487; x_wconf 82' lang='lat' dir='ltr'><strong>negasti,</strong></span> <span class='ocrx_word' id='word_1_87' title='bbox 1261 1403 1293 1467; x_wconf 88' lang='lat' dir='ltr'><strong>ia</strong></span> 
     </span>
     <span class='ocr_line' id='line_1_11' title="bbox 147 1504 1293 1586; baseline 0 -17"><span class='ocrx_word' id='word_1_88' title='bbox 147 1521 168 1560; x_wconf 84' lang='lat'><strong>1⁰</strong></span> <span class='ocrx_word' id='word_1_89' title='bbox 179 1505 337 1571; x_wconf 86' lang='lat' dir='ltr'><strong>interitum</strong></span> <span class='ocrx_word' id='word_1_90' title='bbox 353 1505 491 1580; x_wconf 79' lang='lat' dir='ltr'><strong>satanas,</strong></span> <span class='ocrx_word' id='word_1_91' title='bbox 510 1504 665 1586; x_wconf 90' lang='lat' dir='ltr'><strong>quomodo</strong></span> <span class='ocrx_word' id='word_1_92' title='bbox 680 1505 870 1586; x_wconf 84' lang='lat' dir='ltr'><strong>praeteriens</strong></span> <span class='ocrx_word' id='word_1_93' title='bbox 893 1504 982 1569; x_wconf 79' lang='lat' dir='ltr'><strong>tanto</strong></span> <span class='ocrx_word' id='word_1_94' title='bbox 1004 1525 1084 1586; x_wconf 88' lang='lat' dir='ltr'><strong>quas</strong></span> <span class='ocrx_word' id='word_1_95' title='bbox 1099 1507 1131 1570; x_wconf 88' lang='lat' dir='ltr'><strong>te</strong></span> <span class='ocrx_word' id='word_1_96' title='bbox 1149 1506 1293 1571; x_wconf 89' lang='lat' dir='ltr'><strong>cohibere</strong></span> 
     </span>
     <span class='ocr_line' id='line_1_12' title="bbox 181 1606 1293 1691; baseline -0.002 -18"><span class='ocrx_word' id='word_1_97' title='bbox 181 1609 304 1673; x_wconf 82' lang='lat' dir='ltr'><strong>utente</strong></span> <span class='ocrx_word' id='word_1_98' title='bbox 326 1608 492 1690; x_wconf 84' lang='lat' dir='ltr'><strong>potuerant</strong></span> <span class='ocrx_word' id='word_1_99' title='bbox 520 1606 638 1671; x_wconf 87' lang='lat' dir='ltr'><strong>scelere</strong></span> <span class='ocrx_word' id='word_1_100' title='bbox 669 1608 709 1672; x_wconf 86' lang='lat' dir='ltr'><strong>ad</strong></span> <span class='ocrx_word' id='word_1_101' title='bbox 739 1609 816 1671; x_wconf 86' lang='lat' dir='ltr'><strong>haec</strong></span> <span class='ocrx_word' id='word_1_102' title='bbox 845 1608 984 1689; x_wconf 83' lang='lat' dir='ltr'><strong>gerendo</strong></span> <span class='ocrx_word' id='word_1_103' title='bbox 1012 1609 1118 1673; x_wconf 80' lang='lat' dir='ltr'><strong>exilire</strong></span> <span class='ocrx_word' id='word_1_104' title='bbox 1148 1609 1293 1691; x_wconf 87' lang='lat' dir='ltr'><strong>dignatus</strong></span> 
     </span>
     <span class='ocr_line' id='line_1_13' title="bbox 180 1710 1293 1795; baseline -0.002 -19"><span class='ocrx_word' id='word_1_105' title='bbox 180 1732 220 1791; x_wconf 84' lang='lat' dir='ltr'><strong>es,</strong></span> <span class='ocrx_word' id='word_1_106' title='bbox 243 1731 325 1795; x_wconf 85' lang='lat' dir='ltr'><strong>quae</strong></span> <span class='ocrx_word' id='word_1_107' title='bbox 352 1711 473 1793; x_wconf 87' lang='lat' dir='ltr'><strong>possint</strong></span> <span class='ocrx_word' id='word_1_108' title='bbox 501 1712 615 1775; x_wconf 82' lang='lat' dir='ltr'><strong>cuncta</strong></span> <span class='ocrx_word' id='word_1_109' title='bbox 644 1710 755 1774; x_wconf 88' lang='lat' dir='ltr'><strong>tollere</strong></span> <span class='ocrx_word' id='word_1_110' title='bbox 784 1713 860 1774; x_wconf 83' lang='lat' dir='ltr'><strong>hoec</strong></span> <span class='ocrx_word' id='word_1_111' title='bbox 891 1731 970 1792; x_wconf 85' lang='lat' dir='ltr'><strong>quas</strong></span> <span class='ocrx_word' id='word_1_112' title='bbox 998 1713 1166 1776; x_wconf 83' lang='lat' dir='ltr'><strong>noscantur</strong></span> <span class='ocrx_word' id='word_1_113' title='bbox 1199 1730 1293 1776; x_wconf 82' lang='lat' dir='ltr'><strong>sense</strong></span> 
     </span>
     <span class='ocr_line' id='line_1_14' title="bbox 181 1815 451 1882; baseline -0.011 -2"><span class='ocrx_word' id='word_1_114' title='bbox 181 1835 244 1882; x_wconf 88' lang='lat' dir='ltr'><strong>esse</strong></span> <span class='ocrx_word' id='word_1_115' title='bbox 269 1815 451 1881; x_wconf 79' lang='lat' dir='ltr'><strong>doctrinae?</strong></span> 
     </span>
     <span class='ocr_line' id='line_1_15' title="bbox 218 1916 1292 1999; baseline -0.001 -16"><span class='ocrx_word' id='word_1_116' title='bbox 218 1919 322 1984; x_wconf 83' lang='lat' dir='ltr'><strong>XIIII.</strong></span> <span class='ocrx_word' id='word_1_117' title='bbox 345 1919 433 1982; x_wconf 83' lang='lat' dir='ltr'><strong>Haec</strong></span> <span class='ocrx_word' id='word_1_118' title='bbox 458 1916 512 1999; x_wconf 88' lang='lat' dir='ltr'><strong>qni</strong></span> <span class='ocrx_word' id='word_1_119' title='bbox 534 1917 577 1982; x_wconf 91' lang='lat' dir='ltr'><strong>sis</strong></span> <span class='ocrx_word' id='word_1_120' title='bbox 602 1917 728 1995; x_wconf 82' lang='lat' dir='ltr'><strong>faciens,</strong></span> <span class='ocrx_word' id='word_1_121' title='bbox 753 1935 950 1997; x_wconf 82' lang='lat' dir='ltr'><strong>quassares</strong></span> <span class='ocrx_word' id='word_1_122' title='bbox 980 1918 1184 1982; x_wconf 83' lang='lat' dir='ltr'><strong>aduersentur</strong></span> <span class='ocrx_word' id='word_1_123' title='bbox 1215 1918 1292 1984; x_wconf 90' lang='lat' dir='ltr'><strong>doc-</strong></span> 
     </span>
     <span class='ocr_line' id='line_1_16' title="bbox 144 2018 1293 2103; baseline -0.003 -17"><span class='ocrx_word' id='word_1_124' title='bbox 144 2039 169 2077; x_wconf 77' lang='lat'><strong>1⁵</strong></span> <span class='ocrx_word' id='word_1_125' title='bbox 179 2023 285 2099; x_wconf 81' lang='lat' dir='ltr'><strong>trinae,</strong></span> <span class='ocrx_word' id='word_1_126' title='bbox 310 2021 364 2103; x_wconf 87' lang='lat' dir='ltr'><strong>qui</strong></span> <span class='ocrx_word' id='word_1_127' title='bbox 386 2021 572 2102; x_wconf 84' lang='lat' dir='ltr'><strong>proscribes,</strong></span> <span class='ocrx_word' id='word_1_128' title='bbox 596 2020 753 2101; x_wconf 85' lang='lat' dir='ltr'><strong>torqueas,</strong></span> <span class='ocrx_word' id='word_1_129' title='bbox 778 2018 932 2101; x_wconf 83' lang='lat' dir='ltr'><strong>deportes,</strong></span> <span class='ocrx_word' id='word_1_130' title='bbox 956 2020 1064 2084; x_wconf 87' lang='lat' dir='ltr'><strong>mittas</strong></span> <span class='ocrx_word' id='word_1_131' title='bbox 1085 2020 1118 2084; x_wconf 88' lang='lat' dir='ltr'><strong>ia</strong></span> <span class='ocrx_word' id='word_1_132' title='bbox 1134 2039 1293 2084; x_wconf 84' lang='lat' dir='ltr'><strong>carcerem</strong></span> 
     </span>
     <span class='ocr_line' id='line_1_17' title="bbox 178 2121 1291 2205; baseline 0 -19"><span class='ocrx_word' id='word_1_133' title='bbox 178 2123 424 2205; x_wconf 80' lang='lat' dir='ltr'><strong>interficiasque,</strong></span> <span class='ocrx_word' id='word_1_134' title='bbox 449 2122 498 2186; x_wconf 86' lang='lat' dir='ltr'><strong>dic</strong></span> <span class='ocrx_word' id='word_1_135' title='bbox 530 2124 674 2200; x_wconf 81' lang='lat' dir='ltr'><strong>obsecro,</strong></span> <span class='ocrx_word' id='word_1_136' title='bbox 705 2121 732 2186; x_wconf 89' lang='lat' dir='ltr'><strong>si</strong></span> <span class='ocrx_word' id='word_1_137' title='bbox 760 2122 803 2186; x_wconf 89' lang='lat' dir='ltr'><strong>sis</strong></span> <span class='ocrx_word' id='word_1_138' title='bbox 832 2122 993 2186; x_wconf 91' lang='lat' dir='ltr'><strong>dissimilis</strong></span> <span class='ocrx_word' id='word_1_139' title='bbox 1024 2124 1061 2187; x_wconf 86' lang='lat' dir='ltr'><strong>cb</strong></span> <span class='ocrx_word' id='word_1_140' title='bbox 1084 2122 1209 2189; x_wconf 87' lang='lat' dir='ltr'><strong>Herode</strong></span> <span class='ocrx_word' id='word_1_141' title='bbox 1237 2121 1291 2186; x_wconf 91' lang='lat' dir='ltr'><strong>illo</strong></span> 
     </span>
     <span class='ocr_line' id='line_1_18' title="bbox 176 2224 1291 2310; baseline -0.001 -21"><span class='ocrx_word' id='word_1_142' title='bbox 176 2244 260 2310; x_wconf 82' lang='lat' dir='ltr'><strong>rege,</strong></span> <span class='ocrx_word' id='word_1_143' title='bbox 277 2226 368 2292; x_wconf 90' lang='lat' dir='ltr'><strong>cuius</strong></span> <span class='ocrx_word' id='word_1_144' title='bbox 384 2224 597 2290; x_wconf 83' lang='lat' dir='ltr'><strong>carnificinam</strong></span> <span class='ocrx_word' id='word_1_145' title='bbox 609 2225 788 2290; x_wconf 82' lang='lat' dir='ltr'><strong>describens</strong></span> <span class='ocrx_word' id='word_1_146' title='bbox 803 2226 849 2290; x_wconf 84' lang='lat' dir='ltr'><strong>ite</strong></span> <span class='ocrx_word' id='word_1_147' title='bbox 863 2226 1001 2308; x_wconf 89' lang='lat' dir='ltr'><strong>loquitur</strong></span> <span class='ocrx_word' id='word_1_148' title='bbox 1017 2244 1108 2290; x_wconf 84' lang='lat' dir='ltr'><strong>sacra</strong></span> <span class='ocrx_word' id='word_1_149' title='bbox 1123 2225 1291 2306; x_wconf 86' lang='lat' dir='ltr'><strong>scripture:</strong></span> 
     </span>
     <span class='ocr_line' id='line_1_19' title="bbox 176 2329 1293 2413; baseline -0.001 -21"><span class='ocrx_word' id='word_1_150' title='bbox 176 2330 279 2395; x_wconf 86' lang='lat' dir='ltr'><strong>ecdem</strong></span> <span class='ocrx_word' id='word_1_151' title='bbox 308 2330 507 2410; x_wconf 80' lang='lat' dir='ltr'><strong>intempore</strong></span> <span class='ocrx_word' id='word_1_152' title='bbox 534 2330 659 2394; x_wconf 84' lang='lat' dir='ltr'><strong>remisit</strong></span> <span class='ocrx_word' id='word_1_153' title='bbox 687 2329 827 2394; x_wconf 85' lang='lat' dir='ltr'><strong>Herodes</strong></span> <span class='ocrx_word' id='word_1_154' title='bbox 860 2350 915 2393; x_wconf 86' lang='lat' dir='ltr'><strong>reu</strong></span> <span class='ocrx_word' id='word_1_155' title='bbox 947 2350 1071 2413; x_wconf 86' lang='lat' dir='ltr'><strong>uanus,</strong></span> <span class='ocrx_word' id='word_1_156' title='bbox 1104 2333 1140 2393; x_wconf 91' lang='lat' dir='ltr'><strong>ut</strong></span> <span class='ocrx_word' id='word_1_157' title='bbox 1172 2334 1293 2393; x_wconf 84' lang='lat' dir='ltr'><strong>noceret</strong></span> 
     </span>
     <span class='ocr_line' id='line_1_20' title="bbox 176 2431 1293 2514; baseline -0.004 -17"><span class='ocrx_word' id='word_1_158' title='bbox 176 2433 331 2512; x_wconf 76' lang='lat' dir='ltr'><strong>quosdam</strong></span> <span class='ocrx_word' id='word_1_159' title='bbox 351 2433 388 2496; x_wconf 92' lang='lat' dir='ltr'><strong>de</strong></span> <span class='ocrx_word' id='word_1_160' title='bbox 409 2431 546 2497; x_wconf 80' lang='lat' dir='ltr'><strong>ecclesia.</strong></span> <span class='ocrx_word' id='word_1_161' title='bbox 570 2433 682 2496; x_wconf 89' lang='lat' dir='ltr'><strong>occidit</strong></span> <span class='ocrx_word' id='word_1_162' title='bbox 706 2436 812 2496; x_wconf 85' lang='lat' dir='ltr'><strong>autern</strong></span> <span class='ocrx_word' id='word_1_163' title='bbox 835 2433 985 2496; x_wconf 74' lang='lat' dir='ltr'><strong>Iacobnn</strong></span> <span class='ocrx_word' id='word_1_164' title='bbox 1006 2433 1140 2514; x_wconf 79' lang='lat' dir='ltr'><strong>fratrem</strong></span> <span class='ocrx_word' id='word_1_165' title='bbox 1156 2431 1293 2496; x_wconf 83' lang='lat' dir='ltr'><strong>Ioannis</strong></span> 
     </span>
     <span class='ocr_line' id='line_1_21' title="bbox 130 2533 1295 2617; baseline -0.004 -17"><span class='ocrx_word' id='word_1_166' title='bbox 130 2543 161 2586; x_wconf 71' lang='lat'><strong>²⁰</strong></span> <span class='ocrx_word' id='word_1_167' title='bbox 173 2534 295 2617; x_wconf 70' lang='lat' dir='ltr'><strong>ptadiu</strong></span> <span class='ocrx_word' id='word_1_168' title='bbox 319 2539 349 2599; x_wconf 90' lang='lat' dir='ltr'><strong>et</strong></span> <span class='ocrx_word' id='word_1_169' title='bbox 369 2555 439 2599; x_wconf 89' lang='lat' dir='ltr'><strong>euru</strong></span> <span class='ocrx_word' id='word_1_170' title='bbox 461 2536 596 2600; x_wconf 88' lang='lat' dir='ltr'><strong>uidisset</strong></span> <span class='ocrx_word' id='word_1_171' title='bbox 623 2536 705 2615; x_wconf 78' lang='lat' dir='ltr'><strong>quod</strong></span> <span class='ocrx_word' id='word_1_172' title='bbox 720 2534 864 2615; x_wconf 78' lang='lat' dir='ltr'><strong>placeret</strong></span> <span class='ocrx_word' id='word_1_173' title='bbox 890 2535 1106 2614; x_wconf 80' lang='lat' dir='ltr'><strong>includeris,</strong></span> <span class='ocrx_word' id='word_1_174' title='bbox 1138 2533 1228 2598; x_wconf 81' lang='lat' dir='ltr'><strong>addc</strong></span> <span class='ocrx_word' id='word_1_175' title='bbox 1258 2537 1295 2596; x_wconf 88' lang='lat' dir='ltr'><strong>ut</strong></span> 
     </span>
     <span class='ocr_line' id='line_1_22' title="bbox 175 2635 1293 2719; baseline -0.002 -18"><span class='ocrx_word' id='word_1_176' title='bbox 175 2637 446 2719; x_wconf 75' lang='lat' dir='ltr'><strong>comprehenderet</strong></span> <span class='ocrx_word' id='word_1_177' title='bbox 468 2637 608 2703; x_wconf 89' lang='lat' dir='ltr'><strong>Petrum.</strong></span> <span class='ocrx_word' id='word_1_178' title='bbox 647 2643 738 2702; x_wconf 86' lang='lat' dir='ltr'><strong>erant</strong></span> <span class='ocrx_word' id='word_1_179' title='bbox 759 2642 864 2703; x_wconf 74' lang='lat' dir='ltr'><strong>auum</strong></span> <span class='ocrx_word' id='word_1_180' title='bbox 886 2639 953 2703; x_wconf 89' lang='lat' dir='ltr'><strong>dies</strong></span> <span class='ocrx_word' id='word_1_181' title='bbox 982 2656 1172 2718; x_wconf 83' lang='lat' dir='ltr'><strong>arpuorurn.</strong></span> <span class='ocrx_word' id='word_1_182' title='bbox 1210 2635 1293 2706; x_wconf 84' lang='lat' dir='ltr'><strong>bunc</strong></span> 
     </span>
     <span class='ocr_line' id='line_1_23' title="bbox 175 2738 1295 2820; baseline -0.004 -16"><span class='ocrx_word' id='word_1_183' title='bbox 175 2759 247 2804; x_wconf 87' lang='lat' dir='ltr'><strong>cunr</strong></span> <span class='ocrx_word' id='word_1_184' title='bbox 280 2738 547 2820; x_wconf 75' lang='lat' dir='ltr'><strong>adprehendisset,</strong></span> <span class='ocrx_word' id='word_1_185' title='bbox 580 2741 669 2804; x_wconf 86' lang='lat' dir='ltr'><strong>misit</strong></span> <span class='ocrx_word' id='word_1_186' title='bbox 704 2741 739 2804; x_wconf 86' lang='lat' dir='ltr'><strong>iu</strong></span> <span class='ocrx_word' id='word_1_187' title='bbox 773 2760 926 2805; x_wconf 84' lang='lat' dir='ltr'><strong>carcerem</strong></span> <span class='ocrx_word' id='word_1_188' title='bbox 960 2740 1114 2803; x_wconf 83' lang='lat' dir='ltr'><strong>tradituni</strong></span> <span class='ocrx_word' id='word_1_189' title='bbox 1146 2742 1295 2819; x_wconf 77' lang='lat' dir='ltr'><strong>quattuor</strong></span> 
     </span>
     <span class='ocr_line' id='line_1_24' title="bbox 176 2839 1294 2923; baseline -0.004 -16"><span class='ocrx_word' id='word_1_190' title='bbox 176 2843 436 2923; x_wconf 77' lang='lat' dir='ltr'><strong>quaternionibus</strong></span> <span class='ocrx_word' id='word_1_191' title='bbox 471 2843 612 2906; x_wconf 85' lang='lat' dir='ltr'><strong>nititunr</strong></span> <span class='ocrx_word' id='word_1_192' title='bbox 646 2842 896 2923; x_wconf 81' lang='lat' dir='ltr'><strong>custodiendum,</strong></span> <span class='ocrx_word' id='word_1_193' title='bbox 931 2842 1039 2906; x_wconf 88' lang='lat' dir='ltr'><strong>notens</strong></span> <span class='ocrx_word' id='word_1_194' title='bbox 1066 2845 1141 2922; x_wconf 90' lang='lat' dir='ltr'><strong>past</strong></span> <span class='ocrx_word' id='word_1_195' title='bbox 1170 2839 1294 2922; x_wconf 88' lang='lat' dir='ltr'><strong>pascba</strong></span> 
     </span>
     <span class='ocr_line' id='line_1_25' title="bbox 174 2944 1294 3031; baseline -0.005 -19"><span class='ocrx_word' id='word_1_196' title='bbox 174 2946 351 3031; x_wconf 74' lang='lat' dir='ltr'><strong>protrusus</strong></span> <span class='ocrx_word' id='word_1_197' title='bbox 373 2965 443 3008; x_wconf 86' lang='lat' dir='ltr'><strong>euru</strong></span> <span class='ocrx_word' id='word_1_198' title='bbox 459 2945 558 3025; x_wconf 85' lang='lat' dir='ltr'><strong>ptebi.</strong></span> <span class='ocrx_word' id='word_1_199' title='bbox 593 2944 710 3009; x_wconf 85' lang='lat' dir='ltr'><strong>Petrus</strong></span> <span class='ocrx_word' id='word_1_200' title='bbox 736 2965 810 3009; x_wconf 89' lang='lat' dir='ltr'><strong>uera</strong></span> <span class='ocrx_word' id='word_1_201' title='bbox 838 2944 1069 3009; x_wconf 84' lang='lat' dir='ltr'><strong>custodiebatur</strong></span> <span class='ocrx_word' id='word_1_202' title='bbox 1097 2944 1135 3007; x_wconf 92' lang='lat' dir='ltr'><strong>iu</strong></span> <span class='ocrx_word' id='word_1_203' title='bbox 1162 2961 1294 3008; x_wconf 87' lang='lat' dir='ltr'><strong>carcere.</strong></span> 
     </span>
     <span class='ocr_line' id='line_1_26' title="bbox 133 3045 1291 3130; baseline 0.002 -20"><span class='ocrx_word' id='word_1_204' title='bbox 133 3055 163 3096; x_wconf 78' lang='lat'><strong>²⁵</strong></span> <span class='ocrx_word' id='word_1_205' title='bbox 178 3049 282 3113; x_wconf 86' lang='lat' dir='ltr'><strong>oratio</strong></span> <span class='ocrx_word' id='word_1_206' title='bbox 303 3066 375 3130; x_wconf 85' lang='lat' dir='ltr'><strong>erpo</strong></span> <span class='ocrx_word' id='word_1_207' title='bbox 388 3049 621 3112; x_wconf 84' lang='lat' dir='ltr'><strong>instantissime</strong></span> <span class='ocrx_word' id='word_1_208' title='bbox 634 3047 730 3129; x_wconf 73' lang='lat' dir='ltr'><strong>debat</strong></span> <span class='ocrx_word' id='word_1_209' title='bbox 744 3048 787 3111; x_wconf 89' lang='lat' dir='ltr'><strong>ud</strong></span> <span class='ocrx_word' id='word_1_210' title='bbox 802 3048 967 3112; x_wconf 88' lang='lat' dir='ltr'><strong>dorninnrn</strong></span> <span class='ocrx_word' id='word_1_211' title='bbox 977 3067 1038 3127; x_wconf 92' lang='lat' dir='ltr'><strong>pro</strong></span> <span class='ocrx_word' id='word_1_212' title='bbox 1053 3066 1086 3110; x_wconf 90' lang='lat' dir='ltr'><strong>eo</strong></span> <span class='ocrx_word' id='word_1_213' title='bbox 1101 3046 1140 3110; x_wconf 89' lang='lat' dir='ltr'><strong>ab</strong></span> <span class='ocrx_word' id='word_1_214' title='bbox 1155 3045 1291 3112; x_wconf 77' lang='lat' dir='ltr'><strong>uctesiu.</strong></span> 
     </span>
     <span class='ocr_line' id='line_1_27' title="bbox 179 3149 1294 3233; baseline -0.004 -19"><span class='ocrx_word' id='word_1_215' title='bbox 179 3155 300 3216; x_wconf 84' lang='lat' dir='ltr'><strong>etcum</strong></span> <span class='ocrx_word' id='word_1_216' title='bbox 321 3151 468 3232; x_wconf 74' lang='lat' dir='ltr'><strong>futurum</strong></span> <span class='ocrx_word' id='word_1_217' title='bbox 489 3156 565 3215; x_wconf 87' lang='lat' dir='ltr'><strong>essct</strong></span> <span class='ocrx_word' id='word_1_218' title='bbox 586 3156 623 3214; x_wconf 93' lang='lat' dir='ltr'><strong>ut</strong></span> <span class='ocrx_word' id='word_1_219' title='bbox 644 3171 714 3215; x_wconf 89' lang='lat' dir='ltr'><strong>euru</strong></span> <span class='ocrx_word' id='word_1_220' title='bbox 736 3151 876 3216; x_wconf 89' lang='lat' dir='ltr'><strong>Herodes</strong></span> <span class='ocrx_word' id='word_1_221' title='bbox 891 3151 1089 3233; x_wconf 78' lang='lat' dir='ltr'><strong>produceret,</strong></span> <span class='ocrx_word' id='word_1_222' title='bbox 1117 3149 1178 3214; x_wconf 88' lang='lat' dir='ltr'><strong>itta</strong></span> <span class='ocrx_word' id='word_1_223' title='bbox 1207 3152 1294 3212; x_wconf 87' lang='lat' dir='ltr'><strong>nocte</strong></span> 
     </span>
     <span class='ocr_line' id='line_1_28' title="bbox 179 3242 1295 3335; baseline -0.006 -16"><span class='ocrx_word' id='word_1_224' title='bbox 179 3253 489 3320; x_wconf 83' lang='lat' dir='ltr'><strong>Petrus-dormiebat</strong></span> <span class='ocrx_word' id='word_1_225' title='bbox 517 3256 601 3318; x_wconf 87' lang='lat' dir='ltr'><strong>inter</strong></span> <span class='ocrx_word' id='word_1_226' title='bbox 627 3255 745 3320; x_wconf 84' lang='lat' dir='ltr'><strong>milites</strong></span> <span class='ocrx_word' id='word_1_227' title='bbox 774 3242 929 3335; x_wconf 84' lang='lat' dir='ltr'><strong>attipatus</strong></span> <span class='ocrx_word' id='word_1_228' title='bbox 957 3255 1077 3318; x_wconf 73' lang='lat' dir='ltr'><strong>saunis</strong></span> <span class='ocrx_word' id='word_1_229' title='bbox 1104 3252 1237 3335; x_wconf 91' lang='lat' dir='ltr'><strong>duabus,</strong></span> <span class='ocrx_word' id='word_1_230' title='bbox 1266 3253 1295 3313; x_wconf 86' lang='lat' dir='ltr'><strong>et</strong></span> 
     </span>
     <span class='ocr_line' id='line_1_29' title="bbox 181 3350 1294 3436; baseline -0.006 -13"><span class='ocrx_word' id='word_1_231' title='bbox 181 3357 317 3423; x_wconf 74' lang='lat' dir='ltr'><strong>cunae</strong></span> <span class='ocrx_word' id='word_1_232' title='bbox 339 3361 414 3422; x_wconf 86' lang='lat' dir='ltr'><strong>aute</strong></span> <span class='ocrx_word' id='word_1_233' title='bbox 429 3357 554 3436; x_wconf 86' lang='lat' dir='ltr'><strong>ostium,</strong></span> <span class='ocrx_word' id='word_1_234' title='bbox 578 3362 606 3422; x_wconf 90' lang='lat' dir='ltr'><strong>et</strong></span> <span class='ocrx_word' id='word_1_235' title='bbox 621 3356 833 3421; x_wconf 85' lang='lat' dir='ltr'><strong>custodiebant</strong></span> <span class='ocrx_word' id='word_1_236' title='bbox 847 3377 1011 3422; x_wconf 84' lang='lat' dir='ltr'><strong>carcerem.</strong></span> <span class='ocrx_word' id='word_1_237' title='bbox 1041 3361 1069 3420; x_wconf 88' lang='lat' dir='ltr'><strong>et</strong></span> <span class='ocrx_word' id='word_1_238' title='bbox 1083 3375 1147 3420; x_wconf 86' lang='lat' dir='ltr'><strong>cccc</strong></span> <span class='ocrx_word' id='word_1_239' title='bbox 1162 3350 1294 3434; x_wconf 79' lang='lat' dir='ltr'><strong>cuprius</strong></span> 
     </span>
     <span class='ocr_line' id='line_1_30' title="bbox 181 3458 1295 3542; baseline -0.004 -19"><span class='ocrx_word' id='word_1_240' title='bbox 181 3458 302 3524; x_wconf 86' lang='lat' dir='ltr'><strong>domini</strong></span> <span class='ocrx_word' id='word_1_241' title='bbox 322 3459 458 3537; x_wconf 86' lang='lat' dir='ltr'><strong>adstitit,</strong></span> <span class='ocrx_word' id='word_1_242' title='bbox 480 3463 509 3523; x_wconf 87' lang='lat' dir='ltr'><strong>et</strong></span> <span class='ocrx_word' id='word_1_243' title='bbox 527 3460 584 3524; x_wconf 81' lang='lat' dir='ltr'><strong>tun</strong></span> <span class='ocrx_word' id='word_1_244' title='bbox 605 3458 644 3524; x_wconf 88' lang='lat' dir='ltr'><strong>ab</strong></span> <span class='ocrx_word' id='word_1_245' title='bbox 666 3479 699 3523; x_wconf 92' lang='lat' dir='ltr'><strong>eo</strong></span> <span class='ocrx_word' id='word_1_246' title='bbox 722 3459 848 3542; x_wconf 71' lang='lat' dir='ltr'><strong>refulsit</strong></span> <span class='ocrx_word' id='word_1_247' title='bbox 869 3461 907 3524; x_wconf 90' lang='lat' dir='ltr'><strong>in</strong></span> <span class='ocrx_word' id='word_1_248' title='bbox 924 3460 979 3524; x_wconf 87' lang='lat' dir='ltr'><strong>itio</strong></span> <span class='ocrx_word' id='word_1_249' title='bbox 995 3460 1074 3538; x_wconf 88' lang='lat' dir='ltr'><strong>icco,·</strong></span> <span class='ocrx_word' id='word_1_250' title='bbox 1097 3473 1295 3538; x_wconf 84' lang='lat' dir='ltr'><strong>conpunpcns</strong></span> 
     </span>
     <span class='ocr_line' id='line_1_31' title="bbox 145 3560 1293 3652; baseline -0.005 -27"><span class='ocrx_word' id='word_1_251' title='bbox 145 3564 283 3626; x_wconf 62' lang='lat' dir='ltr'><strong>nouem</strong></span> <span class='ocrx_word' id='word_1_252' title='bbox 305 3562 392 3652; x_wconf 84' lang='lat' dir='ltr'><strong>tatus</strong></span> <span class='ocrx_word' id='word_1_253' title='bbox 414 3561 504 3627; x_wconf 86' lang='lat' dir='ltr'><strong>Petri</strong></span> <span class='ocrx_word' id='word_1_254' title='bbox 526 3563 694 3627; x_wconf 89' lang='lat' dir='ltr'><strong>suscitauit</strong></span> <span class='ocrx_word' id='word_1_255' title='bbox 716 3584 786 3627; x_wconf 88' lang='lat' dir='ltr'><strong>euru</strong></span> <span class='ocrx_word' id='word_1_256' title='bbox 809 3563 932 3628; x_wconf 89' lang='lat' dir='ltr'><strong>diceus:</strong></span> <span class='ocrx_word' id='word_1_257' title='bbox 961 3583 1053 3645; x_wconf 84' lang='lat' dir='ltr'><strong>surpe</strong></span> <span class='ocrx_word' id='word_1_258' title='bbox 1074 3560 1227 3625; x_wconf 86' lang='lat' dir='ltr'><strong>uelociter.</strong></span> <span class='ocrx_word' id='word_1_259' title='bbox 1265 3560 1293 3620; x_wconf 85' lang='lat' dir='ltr'><strong>et</strong></span> 
     </span>
     <span class='ocr_line' id='line_1_32' title="bbox 183 3663 1297 3749; baseline -0.003 -24"><span class='ocrx_word' id='word_1_260' title='bbox 183 3665 328 3749; x_wconf 77' lang='lat' dir='ltr'><strong>surressit,</strong></span> <span class='ocrx_word' id='word_1_261' title='bbox 349 3668 378 3728; x_wconf 91' lang='lat' dir='ltr'><strong>et</strong></span> <span class='ocrx_word' id='word_1_262' title='bbox 400 3664 578 3730; x_wconf 63' lang='lat' dir='ltr'><strong>cecderunt</strong></span> <span class='ocrx_word' id='word_1_263' title='bbox 599 3669 726 3730; x_wconf 66' lang='lat' dir='ltr'><strong>nunus</strong></span> <span class='ocrx_word' id='word_1_264' title='bbox 748 3665 785 3729; x_wconf 88' lang='lat' dir='ltr'><strong>de</strong></span> <span class='ocrx_word' id='word_1_265' title='bbox 808 3665 955 3729; x_wconf 85' lang='lat' dir='ltr'><strong>nauibus</strong></span> <span class='ocrx_word' id='word_1_266' title='bbox 976 3666 1052 3749; x_wconf 91' lang='lat' dir='ltr'><strong>eius,</strong></span> <span class='ocrx_word' id='word_1_267' title='bbox 1082 3665 1113 3727; x_wconf 88' lang='lat' dir='ltr'><strong>et</strong></span> <span class='ocrx_word' id='word_1_268' title='bbox 1134 3663 1230 3727; x_wconf 85' lang='lat' dir='ltr'><strong>infra:</strong></span> <span class='ocrx_word' id='word_1_269' title='bbox 1267 3663 1297 3724; x_wconf 86' lang='lat' dir='ltr'><strong>et</strong></span> 
     </span>
     <span class='ocr_line' id='line_1_33' title="bbox 188 3766 1295 3851; baseline -0.002 -21"><span class='ocrx_word' id='word_1_270' title='bbox 188 3783 250 3831; x_wconf 82' lang='lat' dir='ltr'><strong>curs</strong></span> <span class='ocrx_word' id='word_1_271' title='bbox 272 3767 440 3833; x_wconf 85' lang='lat' dir='ltr'><strong>transisset</strong></span> <span class='ocrx_word' id='word_1_272' title='bbox 456 3768 580 3848; x_wconf 89' lang='lat' dir='ltr'><strong>prirnos</strong></span> <span class='ocrx_word' id='word_1_273' title='bbox 602 3771 630 3831; x_wconf 87' lang='lat' dir='ltr'><strong>ct</strong></span> <span class='ocrx_word' id='word_1_274' title='bbox 652 3767 804 3832; x_wconf 86' lang='lat' dir='ltr'><strong>secundos</strong></span> <span class='ocrx_word' id='word_1_275' title='bbox 826 3767 972 3851; x_wconf 86' lang='lat' dir='ltr'><strong>custodes,</strong></span> <span class='ocrx_word' id='word_1_276' title='bbox 995 3768 1082 3830; x_wconf 87' lang='lat' dir='ltr'><strong>uenit</strong></span> <span class='ocrx_word' id='word_1_277' title='bbox 1105 3766 1149 3829; x_wconf 91' lang='lat' dir='ltr'><strong>ad</strong></span> <span class='ocrx_word' id='word_1_278' title='bbox 1165 3770 1295 3848; x_wconf 83' lang='lat' dir='ltr'><strong>portans</strong></span> 
     </span>
    </p>
   </div>
   <div class='ocr_carea' id='block_1_3' title="bbox 207 4005 1277 4076">
    <p class='ocr_par' dir='ltr' id='par_1_3' title="bbox 207 4005 1277 4076">
     <span class='ocr_line' id='line_1_34' title="bbox 207 4005 1277 4076; baseline -0.001 -15"><span class='ocrx_word' id='word_1_279' title='bbox 207 4014 208 4018; x_wconf 40' lang='lat'>¹</span> <span class='ocrx_word' id='word_1_280' title='bbox 279 4005 380 4061; x_wconf 76' lang='lat' dir='ltr'><strong>cnm.</strong></span> <span class='ocrx_word' id='word_1_281' title='bbox 400 4007 423 4076; x_wconf 85' lang='lat'><strong>1,</strong></span> <span class='ocrx_word' id='word_1_282' title='bbox 441 4007 524 4061; x_wconf 87' lang='lat'>8-11</span> <span class='ocrx_word' id='word_1_283' title='bbox 595 4008 628 4060; x_wconf 84' lang='lat' dir='ltr'><strong>rs</strong></span> <span class='ocrx_word' id='word_1_284' title='bbox 645 4008 705 4061; x_wconf 76' lang='lat' dir='ltr'><strong>nas.</strong></span> <span class='ocrx_word' id='word_1_285' title='bbox 724 4008 765 4071; x_wconf 82' lang='lat'><strong>12,</strong></span> <span class='ocrx_word' id='word_1_286' title='bbox 784 4008 849 4060; x_wconf 84' lang='lat' dir='ltr'><strong>1-r</strong></span> <span class='ocrx_word' id='word_1_287' title='bbox 919 4007 1175 4075; x_wconf 78' lang='lat' dir='ltr'><strong>erro.1s,1a.11</strong></span> <span class='ocrx_word' id='word_1_288' title='bbox 1240 4023 1277 4068; x_wconf 62' lang='lat'><strong>,-</strong></span> 
     </span>
    </p>
   </div>
   <div class='ocr_carea' id='block_1_4' title="bbox 191 4186 1298 4365">
    <p class='ocr_par' dir='ltr' id='par_1_4' title="bbox 191 4186 1298 4365">
     <span class='ocr_line' id='line_1_35' title="bbox 231 4186 1298 4298; baseline 0.005 -36"><span class='ocrx_word' id='word_1_289' title='bbox 231 4209 294 4265; x_wconf 71' lang='lat' dir='ltr'><strong>suc</strong></span> <span class='ocrx_word' id='word_1_290' title='bbox 311 4214 388 4280; x_wconf 81' lang='lat' dir='ltr'><strong>(autc</strong></span> <span class='ocrx_word' id='word_1_291' title='bbox 405 4212 549 4276; x_wconf 81' lang='lat' dir='ltr'><strong>secleratis)</strong></span> <span class='ocrx_word' id='word_1_292' title='bbox 566 4226 617 4265; x_wconf 87' lang='lat' dir='ltr'><strong>ons.</strong></span> <span class='ocrx_word' id='word_1_293' title='bbox 634 4228 651 4264; x_wconf 87' lang='lat' dir='ltr'><strong>u</strong></span> <span class='ocrx_word' id='word_1_294' title='bbox 728 4212 744 4264; x_wconf 88' lang='lat'><strong>9</strong></span> <span class='ocrx_word' id='word_1_295' title='bbox 763 4226 791 4264; x_wconf 86' lang='lat' dir='ltr'><strong>es</strong></span> <span class='ocrx_word' id='word_1_296' title='bbox 807 4211 918 4280; x_wconf 83' lang='lat' dir='ltr'><strong>scripsi,</strong></span> <span class='ocrx_word' id='word_1_297' title='bbox 937 4213 978 4265; x_wconf 86' lang='lat' dir='ltr'><strong>est</strong></span> <span class='ocrx_word' id='word_1_298' title='bbox 999 4213 1037 4266; x_wconf 88' lang='lat' dir='ltr'><strong>Vn</strong></span> <span class='ocrx_word' id='word_1_299' title='bbox 1118 4212 1150 4264; x_wconf 84' lang='lat'><strong>19</strong></span> <span class='ocrx_word' id='word_1_300' title='bbox 1167 4186 1298 4298; x_wconf 72' lang='lat' dir='ltr'><strong>quoddam</strong></span> 
     </span>
     <span class='ocr_line' id='line_1_36' title="bbox 191 4296 1061 4365; baseline 0.002 -15"><span class='ocrx_word' id='word_1_301' title='bbox 191 4298 207 4357; x_wconf 80' lang='lat' dir='ltr'><strong>t&#39;</strong></span> <span class='ocrx_word' id='word_1_302' title='bbox 221 4312 252 4350; x_wconf 88' lang='lat' dir='ltr'><strong>ru.</strong></span> <span class='ocrx_word' id='word_1_303' title='bbox 269 4299 335 4365; x_wconf 84' lang='lat' dir='ltr'><strong>res.)</strong></span> <span class='ocrx_word' id='word_1_304' title='bbox 405 4296 439 4350; x_wconf 82' lang='lat'><strong>20</strong></span> <span class='ocrx_word' id='word_1_305' title='bbox 453 4297 556 4352; x_wconf 81' lang='lat' dir='ltr'><strong>eddidit</strong></span> <span class='ocrx_word' id='word_1_306' title='bbox 574 4299 644 4352; x_wconf 86' lang='lat' dir='ltr'><strong>coni.</strong></span> <span class='ocrx_word' id='word_1_307' title='bbox 662 4298 799 4353; x_wconf 86' lang='lat' dir='ltr'><strong>Latinius</strong></span> <span class='ocrx_word' id='word_1_308' title='bbox 867 4298 899 4351; x_wconf 79' lang='lat'><strong>21</strong></span> <span class='ocrx_word' id='word_1_309' title='bbox 919 4299 1061 4352; x_wconf 83' lang='lat' dir='ltr'><strong>azimorum</strong></span> 
     </span>
    </p>
   </div>
   <div class='ocr_carea' id='block_1_5' title="bbox 0 0 1437 4754">
    <p class='ocr_par' dir='ltr' id='par_1_5' title="bbox 0 0 1437 4754">
     <span class='ocr_line' id='line_1_37' title="bbox 0 0 1437 4754; baseline 0 0"><span class='ocrx_word' id='word_1_310' title='bbox 0 0 1437 4754; x_wconf 95' lang='lat' dir='ltr'><strong> </strong></span> 
     </span>
    </p>
   </div>
  </div>
 </body>
</html>
