2850 4754
511 356 553 411 De
570 359 662 413 sanato
681 358 827 416 Athanasio
845 359 912 414 liber
929 360 962 415 11.
1240 361 1300 427 181

182 543 370 612 domesticos
390 548 501 626 166166,
524 547 671 631 poterunt
694 549 726 614 61
748 549 994 632 comblasphemi
1016 551 1063 615 tui
1088 570 1106 615 a
1129 551 1187 616 deo
1212 551 1301 617 dere·

180 649 253 729 licti,
278 650 345 715 sine
366 651 484 716 lumine
506 652 542 715 ut
562 652 599 716 tu
622 671 655 717 es
676 650 771 735 positi
792 651 913 716 Iudaei.
949 654 975 717 61
1000 654 1082 719 enim
1104 673 1162 719 nos
1184 656 1298 720 haere-

181 753 233 818 tici
256 754 289 819 61
305 753 433 837 quidem
449 756 588 821 omnium
604 756 762 820 sectarum
781 755 968 820 admittendi
985 757 1059 821 estis
1075 758 1175 822 testes
1191 759 1302 823 contra

183 856 383 937 Christianos,
408 858 523 924 debent
544 860 576 924 61
599 860 714 924 ethnici
738 859 770 924 et
784 859 905 937 Iudaei,
930 860 1085 943 siquidem
1108 861 1175 925 siue
1190 861 1301 927 Iudaei

159 960 246 1024 ⁵siue
271 961 388 1026 ethnici
417 961 483 1026 siue
506 982 564 1028 uos
587 963 739 1027 haeretici
760 963 856 1044 positi
880 963 967 1027 61116
994 964 1111 1028 domini
1135 966 1301 1031 eeclesiam

182 1064 246 1130 sitis
262 1064 329 1130 sine
347 1065 415 1143 deo,
432 1066 467 1129 ut
480 1067 555 1130 tuno
571 1065 617 1130 illi
633 1066 739 1130 cuncti
755 1067 808 1148 qui
823 1084 883 1130 non
898 1066 1013 1130 luerint
1027 1067 1059 1131 in
1076 1087 1149 1133 arca
1164 1071 1300 1136 sanctis-

186 1166 252 1232 simi
274 1167 352 1232 Noe.
392 1168 428 1231 ut
451 1169 532 1232 enim
554 1168 601 1233 1111
623 1168 717 1251 positi
742 1167 828 1233 ertm
852 1187 958 1233 arcam
982 1170 1100 1234 saluari
1123 1191 1183 1237 non
1205 1175 1300 1255 potu·

185 1272 281 1350 enmt,
304 1271 351 1335 ita
372 1290 430 1336 nce
453 1290 520 1350 uos,
550 1271 607 1336 sed
636 1271 680 1335 sic
705 1271 774 1335 sitis
802 1272 969 1350 interituri,
999 1272 1059 1337 nisi
1083 1275 1247 1341 credentes
1269 1277 1302 1341 in

184 1375 309 1439 unicum
333 1375 384 1438 dei
406 1375 506 1440 filium
523 1376 590 1440 eius
604 1374 636 1438 in
653 1374 763 1439 sancta
779 1374 914 1439 ecclesia
928 1374 1050 1439 fueritis
1067 1379 1302 1444 commanentes

148 1477 352 1544 1⁰nobisoum.
392 1479 419 1542 si
441 1478 537 1561 igitur
558 1479 658 1543 testes
680 1495 781 1560 neque
804 1478 840 1541 tn
862 1496 963 1560 neque
987 1479 1233 1564 comblasphemi
1254 1483 1303 1547 tui

184 1600 251 1647 esse
274 1582 417 1663 potestis,
446 1581 602 1665 quomodo
625 1581 738 1659 1661611,
767 1581 975 1646 insulsissime
1004 1601 1068 1661 rex,
1100 1584 1241 1649 damnari
1271 1587 1303 1650 61

182 1683 308 1765 quidem
334 1704 352 1749 a
374 1685 652 1751 consacerdotibus
668 1685 732 1749 suis
747 1684 845 1749 totins
861 1685 963 1748 uirum
978 1685 1196 1753 innocentiae?
1220 1689 1302 1755 addo

181 1785 269 1865 illud,
300 1788 374 1870 quia
401 1788 465 1852 iam
493 1788 582 1852 illnm
613 1787 847 1851 accusaueratis
874 1785 971 1851 fuisse
1000 1788 1189 1854 homicidam
1220 1792 1302 1872 apud

183 1887 345 1955 Serdicam
366 1892 398 1955 in
421 1891 538 1976 synodo
561 1891 798 1968 catholicorum,
823 1890 855 1953 et
876 1892 1008 1972 probare
1023 1891 1151 1956 minimo
1166 1893 1303 1958 ualuerit

135 1997 164 2040 ¹⁵
180 1992 329 2077 iniquitas
352 1995 469 2059 uestra.
495 1994 576 2059 addo
600 1994 684 2076 quod
706 1995 741 2058 tu
763 1994 831 2075 ipse
857 1993 897 2056 ad
922 1993 1090 2058 ecelesiam
1112 1994 1301 2060 Alexandri-

180 2116 291 2162 norum
320 2097 445 2162 dederis
473 2097 597 2161 litteras
627 2095 792 2160 adstruens
821 2096 910 2160 illum
940 2096 1041 2160 uirum
1071 2097 1199 2177 iustum,
1234 2099 1302 2180 epi-

181 2220 309 2284 scopum
324 2201 525 2266 catholicum.
551 2201 591 2265 ad
605 2201 763 2279 ultimum,
779 2200 907 2264 tametsi
921 2201 1096 2280 peccasset,
1112 2201 1303 2266 Athanasius

180 2304 281 2369 ficerat
301 2305 467 2387 pellendus
491 2324 509 2368 a
530 2305 644 2386 populo
668 2290 727 2368 sibi
756 2303 933 2381 commisso,
970 2304 1001 2366 61
1030 2304 1156 2385 quidem
1185 2305 1221 2369 ut
1247 2303 1302 2368 ille

179 2409 311 2492 populus
342 2409 438 2474 alium
461 2428 478 2473 e
501 2427 629 2490 corpore
657 2426 713 2473 suo
735 2408 872 2493 [dignum
899 2407 1023 2489 peteret
1053 2407 1112 2471 sibi
1140 2407 1302 2489 11611661-

130 2515 165 2560 ao
181 2531 325 2595 scopum;
349 2532 409 2579 non
424 2513 531 2576 tamen
544 2511 648 2576 fuerat
663 2511 770 2594 gladio
785 2530 840 2592 per
855 2511 887 2574 te
902 2510 1122 2591 imperatorem
1137 2510 1301 2591 petendus.

182 2617 213 2679 at
236 2634 308 2681 cnm
330 2618 366 2681 tu
388 2617 458 2681 loco
486 2614 670 2692 innocentis
706 2615 737 2678 in
768 2633 861 2696 quom
890 2613 968 2676 nihil
996 2613 1062 2677 ueri
1091 2613 1302 2690 constitueris,

178 2722 247 2787 loco
271 2719 420 2786 catholici
442 2719 565 2783 miseris
588 2718 837 2800 consacrilegum
851 2718 941 2781 tuum
959 2716 1128 2798 Georgium
1146 2717 1302 2781 61116161-

179 2826 264 2890 tibus
294 2825 361 2889 eius
393 2822 547 2887 maculari
576 2821 741 2902 sacrilegio
770 2821 876 2884 tantas
906 2819 1112 2884 contumelias
1133 2820 1302 2903 tantasque

179 2927 322 2992 intuleris
343 2944 471 3008 poenas,
494 2925 531 2988 ut
544 2924 695 3006 plmimos
710 2923 939 3005 proscripseris,
963 2923 1155 3005 releganeris
1177 2924 1209 2988 in
1234 2925 1300 2988 exi-

130 3035 168 3083 ²⁵
179 3032 230 3096 liis
251 3032 283 3095 in
305 3029 454 3106 metallis,
478 3046 571 3111 quam
594 3028 745 3110 plurimos
770 3026 865 3091 etiam
880 3025 1074 3090 interfeceris
1098 3027 1130 3090 61
1144 3027 1302 3110 hodieque

180 3155 239 3200 non
264 3134 389 3199 desinas
414 3152 451 3198 66
465 3132 570 3196 166616
584 3132 812 3213 blasphemiam
827 3132 926 3210 tuam,
950 3149 1030 3213 quae
1048 3131 1097 3195 est
1114 3133 1145 3195 et
1162 3133 1299 3216 Georgii,

180 3238 340 3320 suscipere
362 3235 549 3312 nolentibus,
575 3253 655 3316 quae
678 3234 751 3299 irati
766 3234 873 3298 hostes
887 3234 1096 3299 inmanissimi
1109 3236 1236 3300 barbari
1251 3235 1303 3298 uir

179 3341 313 3419 faciant,
349 3339 504 3422 quomodo
532 3339 565 3402 16
596 3338 756 3403 arbitraris
783 3357 875 3420 posse
908 3337 1051 3420 intellegi
1080 3337 1301 3416 Christianum,

181 3445 234 3527 qui
250 3444 371 3509 6116116
387 3441 579 3508 saeuissimis
601 3440 740 3506 uidearis
764 3459 832 3507 esse
848 3440 979 3506 ferocior
995 3441 1027 3505 et
1040 3441 1142 3506 beluis
1159 3441 1301 3506 omnibus

134 3547 353 3613 ³⁰inmanior?
381 3545 469 3611 fuisti
493 3563 588 3611 ausus
611 3545 715 3609 dicere
737 3543 945 3610 Athanasium
967 3542 1216 3626 percutiendum,
1239 3564 1302 3612 non

181 3649 376 3733 conspiciens
410 3650 486 3714 tuno
514 3667 573 3714 nos
600 3648 749 3715 11116166
779 3667 847 3713 6666
876 3647 1001 3730 punitos
1035 3648 1066 3710 et
1094 3646 1220 3728 quidem
1249 3647 1301 3712 dei

231 3907 264 3961 13
281 3907 342 3960 illut
359 3923 393 3961 16.
411 3913 427 3962 1
498 3907 591 3961 Sectis
604 3911 743 3975 exspectes
814 3905 847 3958 14
856 3904 960 3973 probari
969 3904 1040 3958 66111.
1054 3903 1141 3959 Goleta'
1210 3903 1303 3958 15111-

182 3995 267 4064 quitas
279 4011 304 4058 o,
322 3992 473 4062 iniquitatis
495 3995 522 4049 V
586 3993 617 4046 21
638 3991 673 4046 ad
741 3991 906 4046 constitueris
924 3991 1028 4059 scripsi
1048 3993 1098 4058 (oa
1114 3990 1302 4059 661611161111),

181 4079 346 4135 constituerit
366 4081 398 4143 V,
416 4082 447 4132 tu
464 4079 582 4148 iniquum
598 4078 664 4132 nihil
681 4078 781 4132 1611116
797 4077 944 4132 restitueris
962 4080 990 4131 61
1007 4079 1077 4132 coni.
1096 4078 1233 4132 Latinius

179 4184 212 4238 22
229 4181 353 4239 catholici
375 4183 445 4236 cocci.
464 4182 616 4247 Latinius,
643 4155 780 4265 catholicis
799 4184 818 4250 (¹¹
835 4198 870 4235 oc.
888 4182 952 4250 reo.)
976 4183 1002 4238 V
1067 4180 1101 4233 25
1118 4179 1248 4252 hodieque
1269 4181 1301 4245 V,

179 4269 256 4326 hodie
274 4287 298 4336 c,
317 4268 395 4323 hodie
413 4281 514 4339 quoque
532 4269 598 4338 fort.
667 4266 786 4322 2916166
804 4285 837 4322 m.
855 4273 870 4322 1
