2850 4754
166 344 231 409 350
491 342 606 396 Index
628 342 816 396 nominum·
837 345 873 396 et
896 359 1021 396 rerum.

203 526 349 580 Sirmiensi
366 541 412 580 an.
426 529 484 579 351.
505 527 657 580 damnatas
670 526 728 592 fait
782 526 966 580 samosatenus
985 526 1032 591 (cf.
1050 525 1169 594 Paullus)

202 597 237 649 ab
254 596 326 664 ipsis
344 595 463 648 Arionis
481 596 552 648 hanc
570 596 680 662 qaidem
697 596 728 647 ob
782 594 921 662 Saporinus
939 594 1077 646 Persarum
1088 611 1132 647 rer
1145 611 1202 649 cum
1215 597 1341 652 Constan-

204 679 319 718 eaasam
337 663 425 730 specie
444 669 538 729 tenas,·
556 664 605 716 sed
621 680 651 716 re
669 664 729 730 qai-
815 663 853 715 116
871 661 969 715 161166
986 662 1054 730 gerit
1073 663 1131 724 116,
1151 664 1181 716 21

203 733 263 786 dem
284 747 365 797 aera,
389 748 459 784 cam
485 733 729 794 Constantine,
782 730 936 784 Saturninus
953 730 1089 783 familiaris
1108 732 1205 785 anricus
1217 732 1342 787 Constan-

201 801 247 854 ati
264 800 409 853 Baronias
427 800 466 852 ad
478 816 523 852 ori.
536 804 592 853 357
601 799 730 853 maimad
816 799 848 851 tii
867 799 907 861 15,
925 799 958 850 21
987 799 1182 866 (Satarrrinas
1201 802 1341 869 episcopas

202 870 299 936 nertii,
318 869 467 922 Photino
485 885 552 921 noa
569 874 657 921 esset
675 869 730 920 im·
817 867 991 920 Arelatensis
1010 868 1041 919 in
1057 869 1173 922 concilio
1186 869 1341 941 Arelatensi

198 937 731 1005 616161666666666,61666166
817 953 862 988 arr.
885 938 945 989 353.
968 951 1030 988 cam
1053 936 1173 990 Arimiis
1197 939 1342 991 commani-

204 1005 476 1071 cotholicamqae
494 1011 524 1057 et
541 1005 731 1058 haereticis
817 1005 896 1058 canit
914 1009 940 1057 et
952 1004 984 1056 in
997 1004 1204 1058 Mediolanensi
1216 1022 1278 1059 eam
1294 1007 1342 1059 Va-

203 1073 448 1126 adaersariam
472 1078 632 1140 ostentaret,
662 1079 731 1125 tam-
818 1073 889 1125 lente
906 1078 932 1125 et
948 1072 1063 1125 Vrsacio
1075 1073 1107 1125 in
1120 1075 1275 1127 Athanasii
1283 1090 1342 1142 per-

204 1158 286 1210 quam
304 1143 334 1194 in
347 1158 428 1194 scena
441 1142 537 1194 ladam
550 1142 732 1195 Paetinam
817 1141 917 1194 6661616
938 1140 1038 1206 foedas
1064 1141 1173 1205 incenit,
1202 1157 1343 1209 6666166666

203 1210 732 1263 addacitinmediametcontra
818 1224 903 1277 opera
929 1209 1042 1261 Arimin
1065 1210 1155 1276 pestis
1182 1211 1344 1264 occidentem

203 1295 275 1331 enin
301 1279 480 1346 episcopos
507 1279 676 1331 Arianos:
701 1279 732 1330 ia
817 1277 875 1330 iate
893 1278 1031 1345 pcraasit.
1067 1279 1175 1331 Aactor
1198 1284 1344 1346 praeterea

204 1348 282 1399 edito
309 1362 374 1399 aero
401 1347 466 1412 fidei
492 1347 632 1414 formala,
663 1363 732 1413 qaae
818 1346 885 1413 feeit,
902 1345 1081 1398 atHilarias
1094 1347 1240 1414 episcopas
1253 1348 1343 1400 Picta·

200 1416 297 1483 prima
307 1420 348 1467 est
358 1413 527 1481 Sirmiensis,
537 1414 632 1474 οὐσίας
640 1431 732 1468 aecem
818 1414 934 1480 aiensis,
947 1414 995 1480 qai
1005 1419 1070 1480 post
1083 1413 1228 1482 Sanodam
1241 1415 1344 1468 Medio·

205 1489 230 1536 et
248 1482 505 1535 similitudinis
524 1489 549 1536 et
567 1483 732 1552 inopinis
819 1483 958 1535 lannrsem
984 1483 1019 1533 ab
1046 1483 1106 1534 eins
1133 1484 1266 1537 societate
1292 1499 1344 1536 sese

204 1552 374 1615 onriseramt,
410 1551 540 1604 Filiam
570 1552 665 1604 deam
695 1550 733 1603 de
820 1551 1008 1616 dinumerat,
1027 1551 1088 1617 ipso
1101 1551 1218 1604 Hilario
1238 1557 1305 1604 teste
1316 1552 1344 1603 in

206 1619 276 1672 Deo
289 1635 346 1672 esse
359 1620 534 1684 affirmantes
540 1620 653 1687 prolato
664 1636 732 1671 arra·
820 1619 863 1672 lib.
878 1635 924 1671 an.
934 1623 1005 1671 cont.
1019 1619 1163 1673 Constant.
1175 1620 1208 1672 ia
1219 1620 1344 1673 caeciliam

206 1688 323 1740 themate
349 1694 447 1740 corrtra
470 1703 513 1740 eos
541 1688 589 1755 qai
611 1689 734 1741 dicerent
815 1687 966 1754 pelleretur
979 1685 1189 1741 606661661ίοῖ
1202 1688 1344 1743 (16161661.

203 1771 244 1808 ea
266 1771 333 1809 noa
355 1755 590 1809 asistentitas
613 1762 674 1809 cat
696 1771 734 1807 en
819 1771 879 1822 pag,
898 1754 942 1823 14)

207 1824 320 1877 altera
346 1825 387 1892 ha
418 1825 531 1877 ostasi
558 1839 629 1876 esse
659 1825 734 1878 Ver·
785 1823 892 1876 Saturni
909 1825 937 1875 et
954 1823 1068 1876 omnium
1089 1823 1216 1877 idolorum
1239 1824 1344 1876 cultores

205 1893 279 1945 hana
296 1892 350 1946 nel
397 1894 491 1945 nisse
518 1897 646 1959 tenepas
673 1892 733 1944 ali·
822 1892 880 1954 180,
898 1891 930 1944 31

206 1961 353 2027 qnando,
372 1976 525 2014 cameron
542 1965 643 2013 esset:
665 1977 735 2027 qaae
786 1959 912 2013 Siluester
937 1977 957 2014 s.
979 1961 1120 2013 memoriae
1143 1961 1185 2013 cui
1203 1959 1345 2014 Alexander

207 2034 299 2082 tamen
317 2030 411 2098 omnia
429 2029 528 2082 callide
546 2029 734 2097 6666616166-
799 2029 956 2096 ·episcopus
974 2029 1077 2081 litteras
1096 2027 1170 2081 dedit
1188 2030 1248 2092 330,
1268 2029 1283 2080 6

206 2097 735 2175 damsaomqaetependamimpietatem
788 2096 940 2150 Sinnieuses
959 2097 1017 2159 246,
1036 2096 1077 2150 30.
1096 2097 1155 2159 265,
1174 2097 1198 2151 9.
1219 2097 1277 2160 271,
1298 2097 1326 2151 10

207 2166 325 2218 decreta.
344 2166 428 2219 Harrc
447 2167 558 2218 lernam
576 2166 619 2217 hec
633 2165 735 2234 detepit
786 2165 892 2232 spiritus
909 2168 1015 2218 sanctus
1037 2165 1185 2232 paracletus
1209 2165 1255 2231 (es.
1277 2180 1345 2233 para-

206 2234 334 2298 Incisa,
354 2235 420 2286 dam
433 2235 584 2287 Phoimiam
597 2234 734 2287 Oonstan-
820 2232 914 2294 cletus)

207 2303 246 2354 tio
259 2303 363 2355 sociam
376 2318 509 2368 saamqae
521 2301 603 2368 qnasi
616 2303 735 2354 animam
786 2300 983 2354 subrelictorum
999 2301 1066 2354 liber
1084 2302 1125 2365 10,
1143 2302 1178 2355 30

206 2371 238 2422 ia
256 2371 293 2423 im
313 2371 398 2423 ietate
415 2369 555 2438 appellat?
579 2369 662 2424 Celet.
680 2373 734 2423 not.
786 2368 910 2438 Syrianus
928 2369 979 2422 dur
992 2386 1007 2422 a
1020 2370 1178 2424 Constantio
1192 2385 1250 2422 cum
1262 2369 1344 2422 militi·

206 2454 266 2506 pag.
302 2438 344 2504 03)
820 2437 869 2489 bus
887 2437 921 2490 ad
940 2438 1124 2490 Alexandriam
1142 2439 1236 2491 nnssus
1253 2439 1284 2490 ut
1301 2437 1344 2491 Ge·

820 2506 907 2626 612666
929 2506 1110 2560 institueretur
1132 2507 1267 2575 episcopus
1293 2505 1344 2566 188,

173 2628 297 2698 Romani
324 2644 486 2711 episcopatus
514 2643 655 2695 auctoritas
678 2643 736 2710 329,

166 2751 170 2759 .
207 2710 247 2764 22.
266 2712 411 2764 Romanum
431 2713 460 2777 (i.
477 2729 498 2764 6.
517 2711 604 2764 latirae
627 2712 736 2779 loqaen

209 2783 272 2847 tem)
291 2797 319 2832 se
337 2779 455 2832 nominat
471 2778 575 2832 Lucifer
592 2779 650 2844 262,
670 2780 703 2832 24
789 2764 955 2833 Τ166661166
973 2779 1007 2831 ad
1024 2778 1139 2832 Africam
1156 2781 1251 2832 missus
1263 2777 1346 2840 329,4

786 2848 892 2900 trinitas
911 2846 952 2910 19,
971 2847 1012 2901 30.
1031 2848 1088 2911 137,
1107 2848 1141 2900 25
1159 2849 1206 2916 (cfi
1218 2847 1330 2913 Arriani)

174 2967 312 3038 Satellius
331 2986 363 3039 de
381 2998 487 3053 corpore
500 2986 625 3039 ecclesiae
638 2985 736 3037 excisus

209 3051 249 3113 17,
267 3054 309 3121 31,
334 3055 377 3122 qui
393 3053 472 3106 fuerit
489 3069 662 3135 6666666661
681 3067 737 3131 6666
788 3037 896 3108 Valens
918 3052 1043 3105 Arrianus
1071 3051 1183 3118 (Marsae
1207 3051 1346 3130 episcopus)

184 3123 737 3258 1111111111111111161τῇ111·61111
821 3120 1175 3250 15611616111216311
1196 3120 1347 3257 inlltll

209 3258 320 3311 circiter
332 3263 394 3313 257.
404 3259 528 3326 primam
541 3260 636 3313 docere
648 3260 737 3327 coepit
822 3258 881 3310 cilio
898 3257 1089 3310 Mediolanensi
1099 3256 1223 3309 aduersus
1235 3256 1348 3310 Athana·

209 3326 308 3380 Patris
326 3333 352 3381 et
369 3327 442 3380 Filii
459 3332 485 3379 et
499 3327 624 3397 Spiritas
642 3327 736 3380 sancti
822 3326 889 3378 sium
906 3329 1000 3378 cuncta
1017 3325 1126 3393 gerebat
1137 3325 1197 3388 319,
1212 3325 1253 3378 13.
1273 3324 1347 3378 Geor-

207 3409 295 3448 anom
312 3397 478 3462 6666666666
501 3412 558 3449 6666
572 3411 737 3464 nasama,-
822 3394 865 3463 gio
884 3394 976 3446 similis
994 3394 1036 3457 81,
1055 3395 1071 3446 3

208 3461 254 3514 dei
272 3480 338 3517 nero
360 3462 529 3533 sapientiam
551 3480 600 3518 sea
621 3463 738 3518 Vestam
788 3463 846 3517 uelo
865 3462 944 3514 rnisso
983 3462 1084 3515 rinces
1109 3459 1183 3515 audit
1206 3459 1350 3515 Luciferum

208 3545 267 3584 esse
284 3533 392 3600 oliqaid
411 3532 540 3585 occidens
577 3546 737 3585 mammeae
822 3530 881 3593 285,
900 3530 940 3583 29.
994 3529 1017 3594 1,
1035 3478 1070 3583 ti
1146 3553 1148 3556 ·
1229 3591 1234 3599 .

210 3600 386 3654 substantiae
402 3602 460 3653 iam
478 3617 535 3654 com
553 3547 631 3654 3166.
651 3601 737 3663 Hanc
787 3599 923 3652 Vercellae
940 3597 999 3662 319,
1018 3598 1050 3652 15

207 3682 328 3722 errorem
346 3669 495 3722 damnauit
508 3617 736 3737 Dionysiasepi
790 3667 942 3721 Vincentius
967 3666 1071 3735 legatus
1097 3666 1234 3720 Arelatem
1259 3666 1350 3720 616666

208 3750 308 3804 scopas
327 3738 542 3792 Alexandrinas
559 3743 586 3790 et
605 3737 735 3805 3666666
823 3735 882 3797 329,
902 3737 917 3787 7

209 3805 339 3858 Romana
365 3823 409 3859 an.
437 3808 498 3861 258.
526 3807 577 3859 sab
604 3806 685 3860 Siata
713 3807 736 3860 I.
788 3804 910 3858 Vrsaoins
927 3802 1052 3856 Arrianus
1071 3805 1165 3872 (spisso
1184 3801 1352 3872 6631661616-

1162 3872 1168 3884 0
1182 3873 1188 3884 0

209 3873 317 3939 Pani-if.
348 3875 424 3943 Qaae
441 3890 508 3927 aero
526 3889 560 3927 ea
577 3875 626 3928 hoc
644 3889 737 3927 errore
822 3870 1134 3941 6666161066616611116
1191 3872 1244 3924 aris
1257 3872 1352 3925 amicus

209 3947 416 4008 concremantur
446 3943 588 4010 aesario,
618 3942 736 4008 Lacifer
823 3940 864 4002 15,
883 3941 925 3995 21.
943 3939 1054 4008 Georgia
1072 3941 1165 3994 similis
1182 3940 1225 3994 81.
1236 3941 1263 3994 3.
1280 3937 1353 3993 Luci-

212 4006 352 4063 declarat.’
372 4011 454 4064 Celet.
473 4014 526 4065 661.
564 4027 605 4079 ag.
625 4010 667 4077 15)
821 4007 871 4062 ieri
888 4009 1006 4061 inimicus
1024 4009 1083 4073 320,
1102 4009 1142 4063 23.
1166 4024 1224 4062 cnm
1241 4008 1354 4062 Valente

173 4077 455 4198 ”ierintiniiuiitcia
479 4027 607 4133 inuioiata
632 4094 736 4132 manere
821 4078 885 4130 fecit
910 4077 938 4130 in
964 4077 1072 4131 concilio
1093 4076 1287 4130 Mediolanensi
1314 4075 1353 4138 15,

229 4160 296 4198 666
363 4186 369 4210 ,
