2850 4754
414 347 456 402 De
474 364 528 403 non
545 347 675 417 parcendo
693 349 720 402 in
739 347 816 402 deum
835 348 1055 417 delinquentibus.
1234 351 1301 418 221·

178 557 245 604 mus
265 538 299 603 te
323 536 472 602 secedere
496 556 513 602 e
535 539 649 620 populo
679 538 746 615 dei,
781 539 863 603 sicut
892 539 938 603 illi
969 539 1150 605 sacerdotes
1181 540 1297 605 domini

178 642 289 708 Odium
321 642 359 706 de
389 641 506 725 templo
537 643 733 724 conpulerint
762 644 886 726 egredi,
922 643 995 725 quia
1016 645 1049 706 te
1071 644 1117 706 ita
1146 661 1297 724 cogamus

177 745 249 810 dare
285 744 343 810 deo
376 746 534 810 hon'orem.
571 747 597 810 si
632 747 713 810 enim
743 746 856 811 Odium
888 746 938 810 dei
969 746 1150 811 sacerdotes
1179 745 1297 810 idcirco

174 848 334 932 pellebant
357 868 394 915 ex
418 849 490 913 aula
514 849 574 927 dei,
600 851 673 932 quia
694 851 910 916 meminissent
932 849 1081 913 diuinitus
1096 849 1298 931 praeceptum

148 953 313 1036 5leprosos
337 953 408 1017 ante
433 954 639 1037 expiationem
662 955 784 1037 ingredi
806 956 959 1037 templum
975 953 1157 1036 prohibitos,
1182 953 1297 1035 quanto

174 1056 276 1140 magis
297 1075 354 1121 nos
378 1057 465 1140 digni
488 1058 530 1135 te,
560 1060 716 1140 conspice,
749 1077 785 1123 ex
809 1059 946 1123 ecclesia
967 1058 1085 1139 pellere
1109 1055 1235 1132 Christi,
1260 1054 1298 1119 de

176 1159 266 1225 domo
291 1159 418 1238 domini,
443 1161 517 1243 quia
539 1180 598 1225 non
622 1163 664 1225 sit
685 1162 808 1226 licitum
830 1162 1024 1226 haereticum
1045 1160 1211 1227 conuenire
1227 1178 1298 1224 cum

174 1263 354 1342 catholicis,
387 1264 532 1328 insanum
561 1284 633 1329 cum
662 1265 761 1343 sanis,
796 1266 921 1348 plenum
952 1264 1110 1329 inmundis
1139 1263 1299 1345 spiritibus

174 1386 245 1432 cum
268 1366 332 1445 eis,
355 1366 385 1430 in
411 1368 523 1449 quibus
548 1368 705 1432 inhabitat
727 1369 853 1450 spiritus
874 1368 937 1432 dei.
980 1386 1062 1449 quae
1086 1369 1162 1431 haec
1186 1366 1298 1430 contu-

133 1471 160 1511 ¹⁰
172 1468 269 1534 melia
297 1470 360 1546 est,
398 1470 425 1534 si
459 1471 640 1535 sacerdotes
677 1470 793 1534 domini
823 1471 890 1536 nelo
915 1490 951 1535 eo
980 1470 1103 1535 accensi
1139 1489 1199 1552 quo
1228 1469 1300 1534 sunt

175 1591 298 1655 semper
318 1591 537 1655 praecessores
561 1573 658 1638 nostri
681 1574 739 1638 tibi
763 1573 897 1638 dicimus
920 1592 1000 1655 quae
1026 1575 1151 1639 nostrae
1177 1572 1299 1638 condu-

148 1677 247 1740 -cant
270 1694 307 1740 ac
328 1675 404 1740 tuae
428 1676 545 1740 saluti?
564 1677 717 1756 petulcas
739 1681 793 1759 est,
817 1677 930 1759 inquis,
954 1677 1095 1757 Lucifer.
1119 1676 1191 1740 hinc
1207 1677 1300 1757 petu-

172 1779 251 1858 lans,
265 1778 340 1861 quia
350 1778 382 1843 te
394 1796 525 1862 urgeam
540 1778 749 1860 elephantiam
763 1779 881 1843 reicere
897 1778 979 1843 Arrii
997 1779 1090 1860 atque
1105 1778 1227 1862 <quod>
1247 1797 1301 1860 por

173 1883 263 1960 hanc,
288 1900 383 1964 quam
397 1881 663 1965 praedicanerunt
686 1883 817 1965 apostoli
841 1882 1017 1946 beatissimi
1032 1880 1128 1944 fidem
1145 1898 1301 1962 quamquo

134 1994 228 2049 1⁵nos
251 2003 362 2049 sumus
385 1985 420 2048 ut
442 1985 544 2049 cernis
566 1985 725 2062 tenentes,
760 1986 835 2049 tuae
857 1986 955 2050 menti
978 2003 1012 2050 es
1036 1984 1171 2065 adeptus
1198 1983 1300 2065 sospi-

172 2087 270 2151 tatem
292 2088 388 2169 teqne
410 2088 513 2151 totum
537 2088 678 2168 ereptum
702 2105 719 2151 e
740 2087 863 2168 laqueis
887 2087 1013 2164 diahoh,
1032 2087 1134 2152 temet
1146 2086 1178 2151 in
1196 2087 1300 2151 aeter·

174 2208 247 2254 num
276 2188 417 2272 gaudeas
445 2190 504 2255 deo
530 2192 718 2273 quaesitum.
751 2192 804 2269 tu,
829 2192 881 2274 qui
905 2211 960 2256 nos
983 2191 1119 2274 ingentis
1142 2190 1299 2273 supercilii

177 2310 244 2357 esse
278 2292 419 2374 flagitas,
453 2293 601 2358 inuenisti
632 2295 798 2376 scriptum,
833 2295 908 2376 quid
938 2295 1038 2359 iosias
1060 2312 1114 2358 rer
1142 2293 1238 2358 indae
1262 2293 1301 2357 dc

175 2395 398 2477 consacrilegis
421 2389 533 2461 lec'erit
554 2397 629 2473 tuis,
654 2396 693 2461 de
714 2397 832 2462 talibus
856 2398 957 2480 qualis
976 2398 1013 2462 tu
1029 2416 1099 2464 esse
1115 2397 1208 2463 hodie
1223 2416 1301 2463 con-

134 2498 317 2579 aspiceris,
353 2501 508 2582 quomodo
533 2519 640 2564 eornm
664 2501 931 2583 quamplurimos
956 2501 1053 2567 etiam
1075 2501 1148 2583 post
1167 2502 1299 2565 mortem

113 2639 118 2649 ·
172 2601 266 2666 fuerit
287 2604 473 2684 persecutns
497 2620 569 2667 ossa
590 2603 761 2668 eorundem
776 2604 901 2687 ignibus
917 2622 1117 2670 consumens.
1140 2602 1299 2669 sedilium

173 2703 279 2770 decuit
299 2723 409 2788 regern
431 2707 521 2771 tanto
545 2705 613 2770 celo
637 2706 782 2788 persequi
806 2705 858 2772 dei
886 2708 1008 2780 hostem
1044 2725 1100 2772 nos
1128 2707 1301 2790 episcopos,

171 2826 226 2872 nos
252 2807 304 2873 dei
327 2808 514 2874 sacerdotes
534 2810 699 2892 indignum
722 2809 826 2875 luerat
847 2811 905 2876 tibi
928 2811 1075 2875 resistere
1090 2809 1300 2876 idololatriam

170 2910 385 2976 introducenti
407 2912 439 2976 in
464 2913 642 2978 ecclesiam
676 2913 730 2978 ille
752 2914 860 2997 gladio
889 2913 1046 2979 interiecit
1068 2913 1300 2998 consacrilegos

136 3013 262 3092 accos,
296 3014 448 3096 reliquias
478 3016 573 3080 etiam
602 3015 675 3080 olim
704 3016 844 3099 sepultas
867 3018 916 3082 est
937 3011 1139 3100 persecutus,
1172 3017 1302 3101 cupiens

174 3116 277 3181 cultor
309 3117 445 3182 inueniri
474 3117 525 3184 dei
559 3117 780 3191 fidelissimasr
813 3137 870 3183 nos
898 3120 1009 3185 contra
1038 3139 1095 3186 nec
1119 3121 1216 3187 uerbo
1244 3121 1300 3188 tibi

173 3218 322 3284 resistere
345 3223 537 3303 oportuerat,
560 3220 687 3307 tiniosi
702 3221 821 3286 inimici
837 3223 949 3301 arnico,
973 3224 1032 3290 tibi
1047 3225 1186 3291 omnium
1202 3225 1302 3290 carls-

174 3320 254 3387 simo
276 3323 310 3387 in
337 3325 530 3406 apostasiam
556 3340 778 3390 1111111111111
808 3325 1010 3408 angelorum,
1043 3326 1102 3392 tibi
1124 3327 1176 3410 qui
1200 3328 1303 3392 laetos

177 3442 210 3488 es
232 3426 391 3506 perhanc
414 3427 645 3510 blasphemiam
665 3428 754 3493 tuam
778 3426 837 3493 deo
858 3427 1015 3495 1111111111,

136 3531 161 3572 ³⁰
214 3526 287 3592 VII.
320 3528 440 3612 Accipe
461 3531 559 3614 igitrr
579 3530 611 3595 11
635 3530 746 3613 quarto
769 3531 947 3614 ltegnorum
971 3532 1051 3598 libro
1074 3551 1154 3616 quae
1176 3534 1303 3617 propter

173 3627 229 3693 illa
250 3649 333 3712 qnae
355 3632 443 3696 circa
464 3633 672 3699 coinmundos
692 3634 765 3700 tuos
787 3633 924 3718 gesserit
939 3635 1041 3700 iosias
1056 3636 1300 3703 11111111111111

221 3834 375 3890 reesa
444 3836 563 3893 raam
642 3811 766 3895 aaa
836 3837 1237 3910 samssapsaaqsssa

171 3920 545 3989 conspic‘ueoniLclisias
624 3910 923 3994 llpiudecesseresc
995 3928 1086 3982 aestu
1156 3924 1322 3984 meum·

170 4005 240 4058 ciam
341 4007 801 4080 qnodaddidnspdlml
907 4010 1304 4082 mmmmm

171 4088 765 4166 mammaemammal
864 4096 1081 4180 lbulaqwls
1173 4099 1306 4170 liquati

126 4173 226 4230 ‚turn
320 4177 809 4252 laquialaeinsuaqacdl'c
843 4168 1239 4255 tlscdhlscnihste'm

171 4256 422 4333 clamatam
