2850 4754
397 370 439 425 De
456 386 509 425 non
526 372 656 441 parcendo
674 373 702 426 in
712 350 796 428 'deum
814 374 1033 444 delinquentibus.
1213 378 1291 444 265·

157 557 328 623 Christiani
352 577 421 624 esse
444 562 724 641 perseuerabimns.
757 565 866 628 contra
879 564 914 627 tu
930 583 1002 628 curn
1017 537 1123 646 gladio
1140 565 1277 660 digneris
1316 596 1321 607 ·

158 662 225 726 eius
248 661 395 746 persequi
417 681 534 742 seruos,
568 684 628 729 non
649 667 682 730 te
705 667 813 749 utique
834 668 897 731 iam
922 667 1133 732 Christianum
1156 668 1276 749 poteri-

156 783 228 829 mus
251 784 440 848 nuncupare,
465 766 522 831 sed
544 767 635 848 plane
656 767 811 832 latronem
834 768 887 833 661
909 768 1126 850 gladiatorem.

200 868 315 933 XXVI.
354 869 493 946 Interea,
529 870 674 952 quoniam
706 869 909 935 recitauimus
942 871 1097 953 quomodo
1130 889 1278 936 coamens
1379 881 1381 884 ’

133 972 232 1036 smus
264 971 408 1037 Scarioth
435 973 531 1036 Iudas
559 972 726 1037 tradiderit
756 973 931 1052 dominum,
965 973 1026 1039 isto
1054 974 1087 1036 in
1106 973 1184 1038 ‘loco
1209 973 1276 1037 eius

157 1074 282 1156 penitus
304 1075 513 1140 retractemus
532 1076 690 1158 sacrilegii
705 1094 816 1141 causas
834 1077 865 1140 et
878 1078 960 1155 tuas,
978 1078 1010 1142 et
1024 1076 1164 1141 inuenies
1179 1095 1276 1140 unum

158 1195 216 1241 uos
240 1197 308 1242 esse
329 1179 362 1242 te
381 1179 418 1243 'et
440 1179 551 1243 Iudam
576 1178 781 1244 Scariotham.
808 1179 861 1244 ille
883 1180 1016 1244 tradidit
1039 1180 1198 1244 dominum
1220 1180 1277 1243 Iu-

160 1279 257 1358 daeis,
281 1281 436 1362 quianon
458 1281 561 1346 dierat
582 1281 712 1346 credens
734 1283 794 1347 nisi
817 1283 970 1364 quomodo
994 1283 1129 1348 sitnunc
1145 1281 1278 1346 credens

159 1384 358 1448 conscotinus
385 1385 459 1450 tuus
488 1385 720 1464 Sirmiensium,
756 1385 808 1467 qui
837 1385 1000 1451 dicebatur
1024 1406 1059 1452 ac
1090 1388 1204 1455 dicitur
1225 1390 1276 1453 iu-

121 1485 406 1567 10(1166611611666.
434 1489 469 1551 tu
485 1487 645 1552 tradidisti
661 1507 732 1576 eum
749 1489 780 1552 et
795 1489 923 1570 quidem
937 1489 1004 1553 toto
1021 1490 1097 1569 orbi,
1121 1494 1156 1557 ut
1171 1492 1277 1557 cuncti

161 1588 228 1652 eius
250 1573 371 1670 possint
392 1609 506 1672 negare
522 1583 739 1656 diuinitatem(
752 1593 821 1675 quis
836 1593 977 1657 uestrum
994 1591 1026 1656 in
1042 1594 1161 1659 scelere
1176 1596 1277 1660 maior

161 1691 230 1755 est?
253 1710 311 1774 ego
335 1693 467 1757 arbitror
489 1695 562 1777 quia
577 1695 624 1764 tu.
646 1697 747 1760 ornate
761 1695 845 1760 emim
859 1696 915 1777 qai
928 1699 1107 1777 peccauerit
1121 1699 1158 1762 im
1172 1699 1278 1780 filiam

159 1794 307 1880 bominis,
331 1796 508 1861 dimittetur
529 1799 576 1879 et,·
597 1800 652 1879 pai
674 1802 778 1863 artem
797 1797 1065 1880 blasphemaberit
1077 1800 1115 1863 ia
1129 1801 1279 1880 spiritam

159 1902 314 1980 sanctam,
347 1918 411 1962 moa
438 1900 612 1964 dimittetur
639 1903 667 1965 ei
695 1917 791 1981 meqae
818 1901 868 1965 bic
897 1921 993 1982 aeque
1020 1902 1056 1965 m
1076 1904 1193 1983 fataro.
1244 1903 1280 1965 tu

122 2004 148 2045 ¹5
162 2000 315 2064 deitatem
341 2001 426 2066 illius
456 2021 515 2084 quo
543 2004 648 2067 cuncti
675 2003 795 2085 possint
816 2022 947 2086 negare,
983 2005 1112 2068 extitisti
1133 2005 1277 2070 traditor.

161 2106 313 2186 quantum
337 2107 418 2169 enim
442 2106 524 2187 apud
545 2108 578 2170 te
602 2107 665 2184 est,
688 2105 848 2170 tradidisti
872 2123 959 2183 eum,
985 2107 1107 2193 dequo
1131 2108 1163 2170 61
1182 2107 1280 2172 libros

160 2209 296 2290 scriptos
320 2209 435 2273 dedisti
459 2209 490 2273 61
511 2209 744 2290 praedicatores
766 2209 892 2291 benigni
914 2209 978 2273 uot'
1002 2210 1049 2272 tui
1066 2210 1147 2273 omni
1162 2211 1193 2272 in
1207 2209 1279 2274 loeo

162 2312 362 2377 constituisti.
387 2331 480 2395 quem
503 2330 563 2392 quo
585 2313 713 2394 possent
728 2331 835 2377 omnes
850 2330 965 2394 negare
981 2331 1090 2376 uerum
1105 2311 1195 2375 illum
1212 2330 1280 2376 esse

162 2414 215 2479 dei
237 2414 347 2495 filium,
372 2415 577 2497 apostolicam
601 2417 694 2497 atque
719 2415 934 2497 euangelicam
958 2415 1066 2479 contra
1088 2434 1144 2480 uos
1166 2417 1280 2479 haere-

124 2518 243 2582 ²⁰ticos
268 2518 350 2600 apud
371 2518 494 2582 Niciam
518 2517 707 2599 descriptam
729 2518 826 2582 fidem
848 2517 951 2582 fecisti
979 2517 1118 2582 iudicare
1141 2518 1281 2603 haereti-

164 2639 236 2685 cam
260 2622 292 2684 et
313 2621 539 2702 blasphemiam
561 2622 650 2685 tuam
672 2621 775 2685 fecisti
799 2621 861 2685 dici
880 2621 1081 2685 catholicam.
1124 2622 1283 2685 ettamen

162 2724 224 2788 iste
258 2724 369 2800 Iudas,
405 2724 457 2805 qui
492 2743 562 2788 eum
589 2724 780 2802 tradiderat,
814 2725 925 2788 uidens
952 2725 984 2787 in
1014 2742 1089 2787 suae
1113 2722 1225 2789 salutis
1248 2741 1283 2787 se

165 2829 328 2908 operatum
349 2844 469 2904 necem,
486 2827 690 2908 poeniteatis
711 2828 824 2891 doctas
845 2825 954 2890 retattt
973 2826 1108 2908 triptota
1123 2829 1285 2908 argenteos

157 2931 364 3012 principibus
392 2929 587 2993 sacerdotum
614 2934 643 2993 et
667 2929 844 2994 semimitas
865 2929 989 3010 diceas:
1014 2929 1165 3013 peccori,
1199 2928 1282 3009 qaod

125 3047 152 3088 ²⁵
164 3033 356 3097 tradiderim
378 3033 567 3116 soapaimm
588 3032 717 3098 iactam.
741 3035 777 3095 ct
796 3030 847 3096 itti
862 3032 1030 3096 dixerant:
1052 3030 1130 3112 qaid
1145 3030 1188 3095 ud
1203 3030 1283 3095 mos?

164 3139 201 3198 ta
221 3135 350 3199 uideris.
388 3139 416 3199 et
432 3135 586 3215 proiectis
608 3135 763 3218 orpemteis
792 3134 830 3198 ia
857 3133 968 3215 templo
996 3136 1118 3198 secessit
1149 3138 1178 3197 et
1204 3133 1286 3198 obiit

164 3241 195 3300 et
216 3237 324 3319 tapam
345 3256 376 3302 se
397 3237 570 3318 suspendit.
607 3237 661 3301 ille
689 3237 766 3301 licet
792 3255 853 3304 uno
881 3237 1040 3301 momento
1070 3234 1223 3317 paenituit
1253 3235 1285 3323 et

164 3337 300 3419 pretium
324 3339 406 3420 quod
430 3339 595 3419 acceperat
616 3338 770 3414 reddidit;
793 3339 828 3402 tu
851 3339 927 3420 quid
944 3339 1019 3416 tale,
1044 3339 1096 3420 qui
1113 3337 1285 3401 conuentus

163 3440 325 3522 piaculum
347 3440 379 3505 te
401 3439 506 3505 facere
530 3442 568 3505 ab
593 3441 659 3504 eius
682 3441 782 3506 seruis
804 3459 864 3505 non
888 3441 989 3506 solum
1007 3458 1066 3504 non
1082 3438 1283 3521 poenitueris,

125 3544 223 3609 osee
247 3545 278 3607 61
299 3545 401 3626 magis
423 3545 455 3608 in
478 3545 707 3609 contumaciam
730 3544 888 3609 creueris?
910 3545 946 3608 tu
969 3543 1044 3626 quid
1066 3543 1140 3620 tale,
1165 3542 1217 3624 qui
1240 3541 1285 3606 sis

167 3646 245 3710 dans
268 3665 375 3711 omnes
397 3647 504 3730 copias
526 3647 613 3729 regni
634 3647 692 3725 tui,
715 3646 751 3710 ut
772 3647 873 3729 possis
896 3643 1096 3728 sacrilegium
1117 3645 1206 3708 tuum
1228 3643 1285 3708 fir-

270 3833 302 3886 ra
320 3832 416 3888 naas.
435 3833 527 3901 1636
596 3833 629 3887 aa
648 3832 684 3889 6.
702 3833 744 3897 aa,
764 3833 831 3886 3-5

217 3972 293 4060 tuel
383 3963 411 4057 vd
430 4021 569 4075 quoamens
673 4006 833 4075 dpoenitus
936 4004 1219 4075 9Smymiensiumo

165 4093 292 4161 indignae
363 4093 395 4146 10
413 4093 498 4147 totio
568 4093 600 4146 14
619 4096 646 4147 et
663 4095 693 4145 16
712 4091 854 4178 deitatiso
929 4091 961 4145 15
978 4090 1081 4159 possint
1099 4092 1167 4145 comt.
1183 4090 1290 4159 Titias,

164 4198 276 4264 possunt
292 4198 331 4251 Vc
399 4195 432 4248 20
446 4197 509 4263 aput
578 4194 737 4249 describtam
804 4193 914 4248 iudicari
927 4195 993 4261 fort.
1059 4194 1092 4247 26
1105 4166 1219 4262 argentis

164 4281 196 4335 31
215 4281 314 4336 firmari
612 4295 614 4298 ⁴
