2850 4754
562 388 603 442 De
621 387 726 456 regibus
744 387 904 456 apostaticis.
1247 388 1290 453 59

172 596 243 662 ergo
257 576 295 642 tu
311 595 383 643 cum
399 576 488 658 dicis,
507 578 710 644 Christianus
724 595 804 656 suu,
820 578 874 642 sed
888 596 952 641 rou
968 578 1058 642 oredo
1069 576 1162 642 deum
1177 596 1288 641 uerum

168 680 279 746 tatere
298 681 414 764 ditum,
437 702 503 747 uou
525 682 614 748 eredo
635 701 736 746 uueru
755 681 930 762 poteutiaue
939 681 1048 762 patris
1069 684 1097 744 et
1116 679 1190 762 uiti,
1215 698 1287 744 curn

170 785 248 849 dicis
263 783 364 850 lilium
379 783 567 863 ereaturam,
584 783 702 849 laetum
714 784 804 848 illum
821 803 858 848 ex
873 783 979 862 nihilo,
996 801 1068 848 cnm
1084 781 1163 848 dieis
1178 782 1286 862 fnisse,

169 886 293 971 quando
316 905 377 953 non
399 888 503 968 fuerit,
537 889 651 954 melius
678 889 713 952 tu
744 888 904 952 sacrificas
935 887 1058 953 diabolo
1089 903 1182 970 quam
1211 887 1288 951 tunc

146 991 344 1070 *Monaeses
378 991 501 1074 quondo
534 991 616 1057 filios
639 1011 712 1056 suos
743 992 797 1056 eut
824 1010 879 1073 per
907 992 1012 1074 ignem
1042 991 1184 1055 omnibus
1213 1007 1287 1053 eon-

169 1096 315 1160 secrabet
339 1094 511 1160 daemoniis
536 1096 590 1160 eut
612 1112 684 1160 oum
707 1095 938 1160 concremabat.

208 1199 248 1263 X.
271 1197 371 1263 Doleo
392 1197 461 1277 tibi,
483 1199 662 1281 imperator,
689 1199 783 1285 <cur>
808 1218 880 1264 cum
896 1199 1004 1263 tantae
1027 1198 1070 1263 sis
1088 1196 1289 1279 insipientiae

169 1301 200 1365 et
222 1314 296 1364 cum
319 1301 361 1364 sis
383 1301 473 1365 tanta
494 1300 613 1366 faciens
634 1301 728 1378 mala,
753 1301 891 1384 digneris
905 1303 1013 1366 tamen
1030 1300 1151 1364 dicere:
1174 1301 1203 1364 si
1219 1319 1287 1364 uou

167 1404 402 1486 deusdedem,
431 1425 497 1469 uou
525 1404 628 1470 adduc
656 1406 694 1468 iu
715 1424 808 1486 repuo
831 1425 946 1484 esseru,·
973 1406 1042 1468 ioue
1064 1424 1111 1467 me
1133 1403 1209 1468 deus
1232 1422 1286 1466 err-

135 1511 157 1551 ¹⁰
169 1506 324 1571 tinxisset.
348 1526 409 1571 non
432 1507 586 1589 conspicis
608 1507 705 1571 istum
728 1507 908 1572 Menaseem
935 1507 966 1570 in
997 1506 1162 1588 sacrilegio
1193 1506 1225 1569 et
1254 1505 1287 1568 in

169 1608 357 1673 crudelitate
371 1610 429 1674 tibi
441 1610 695 1692 comperandum,
712 1611 795 1692 quod
808 1606 1033 1693 quinquaginta
1049 1610 1170 1691 septem
1187 1608 1285 1685 annis,

168 1713 203 1776 nt
226 1731 320 1794 saepe
345 1712 417 1789 dixi,
447 1729 579 1794 regnum
607 1713 745 1777 tenuerit
773 1713 804 1776 in
835 1713 975 1778 Iudaeae
1019 1715 1069 1777 hie
1102 1714 1210 1794 utique
1233 1711 1286 1793 qui

167 1815 278 1880 feeerit
301 1814 516 1896 derelinquere
537 1816 686 1897 populum
709 1816 802 1880 deum
826 1817 857 1880 et
879 1817 996 1880 seruire
1018 1815 1122 1893 idolis,
1145 1815 1195 1878 hic
1220 1815 1287 1877 nti-

169 1924 229 2000 que
253 1918 306 1999 qui
327 1917 359 1981 in
380 1917 499 1999 templo
523 1917 639 1982 domini
670 1919 701 1982 et
728 1919 760 1983 in
785 1917 913 1983 aedibus
945 1918 995 1983 dei
1024 1919 1194 1983 simulacra
1217 1917 1286 1981 ool-

133 2020 331 2099 1⁵looauerit
367 2021 421 2104 qui
455 2021 581 2086 domum
616 2022 682 2100 dei,
716 2022 770 2104 qui
803 2023 974 2088 sacrarium
1009 2022 1075 2086 eius
1108 2021 1287 2086 maiestatis

168 2123 325 2190 idolorum
348 2124 458 2189 iecerit
481 2125 662 2189 sacrarium.
687 2125 732 2189 sic
750 2124 782 2189 et
794 2125 827 2188 te
843 2124 961 2206 patitur
978 2124 1065 2204 deus,
1089 2125 1135 2189 sic
1151 2118 1288 2189 sustinet

169 2225 395 2309 quoadusque
419 2227 450 2290 et
473 2226 626 2292 iemillem
648 2227 759 2310 probet
788 2246 878 2291 snam
907 2228 938 2292 et
967 2227 1076 2310 dignos
1105 2226 1233 2292 coronet
1256 2228 1289 2290 et

168 2328 313 2414 indignos
327 2330 444 2409 tecum,
460 2330 520 2395 nisi
537 2330 570 2394 te
587 2331 768 2410 correxeris,
785 2332 827 2396 ad
844 2332 1002 2397 aeternam
1017 2331 1126 2413 puniat
1142 2348 1284 2412 poenam.

169 2433 309 2498 ceterum
332 2432 426 2498 crede
445 2433 528 2514 quod
548 2435 648 2516 possit
671 2435 715 2499 sio
740 2435 772 2499 et
793 2435 868 2499 tunc
892 2435 1072 2500 Manassem
1096 2435 1128 2498 et
1149 2451 1229 2497 nuno
1253 2434 1287 2498 te

132 2535 199 2600 rin
221 2555 282 2602 nno
306 2537 410 2601 atomo
434 2537 629 2620 exstinguere
652 2537 824 2617 oculorum,
848 2538 904 2603 sed
918 2537 1029 2620 parcit,
1054 2554 1114 2602 non
1136 2536 1285 2618 quianon

167 2639 277 2721 possit,
301 2639 357 2704 sed
380 2639 454 2720 qnia
476 2639 604 2722 dignum
632 2640 673 2705 sit
702 2640 734 2704 et
764 2641 831 2704 eins
854 2640 995 2705 coronari
1018 2640 1154 2704 cultores
1177 2639 1288 2704 contra

167 2743 308 2806 uestram
335 2742 496 2806 manentes
525 2742 746 2808 crudelitatem
774 2740 951 2808 immobiles
987 2742 1019 2806 et
1053 2761 1110 2807 nos
1139 2742 1287 2806 inimicos

170 2844 236 2909 eins
252 2844 448 2923 elementiae,
472 2844 499 2909 si
512 2845 594 2910 tales
609 2845 645 2908 nt
662 2846 737 2909 estis
754 2844 866 2909 durae
884 2845 1078 2923 censueritis,
1096 2842 1136 2908 ed
1153 2863 1286 2927 poenam

170 2946 297 3011 damnet
331 2938 560 3029 sempiternam.
605 2948 641 3012 tu
675 2954 710 3012 ut
744 2948 847 3014 dices:
881 2952 911 3014 si
943 2969 1008 3014 uou
1042 2949 1116 3014 deue
1149 2969 1285 3032 sperem,

131 3056 343 3134 ’lauruqucru
365 3052 468 3117 adduc
488 3055 686 3136 imperarem,
709 3052 829 3117 faciunt
849 3053 897 3117 illi
919 3054 972 3135 qni
994 3053 1026 3117 te
1051 3053 1209 3118 errantem
1226 3071 1286 3116 non

169 3152 270 3218 solum
291 3155 406 3237 corrigi
427 3153 545 3234 nolunt,
570 3155 626 3220 sed
648 3155 684 3219 nt
707 3156 739 3220 et
761 3174 870 3237 pereas
892 3156 1054 3238 inpellunt
1079 3175 1138 3222 non
1153 3157 1287 3230 mirum;

169 3257 320 3339 scriptum
343 3257 392 3322 est
414 3257 496 3321 enim
520 3258 551 3322 et
571 3259 604 3322 te
629 3258 661 3322 et
681 3258 753 3324 illos
774 3257 856 3322 tales
878 3258 1015 3324 futuros:
1040 3261 1193 3325 laudatur
1208 3278 1285 3339 pec-

169 3365 256 3424 cator
269 3361 307 3424 iu
321 3360 485 3425 desideriis
500 3363 627 3426 uuiuce
643 3381 729 3440 suae,
745 3367 775 3426 et
789 3363 845 3444 qui
855 3363 971 3444 iuiquu
983 3364 1065 3445 perit
1079 3363 1284 3428 benedicetur.

168 3465 368 3529 eraeerdcuit
390 3464 552 3530 domiuum
569 3471 725 3550 peccator,
753 3467 924 3531 secuudum
951 3464 1188 3531 multitudiueru
1217 3464 1289 3528 irae

132 3564 244 3631 duce
264 3567 504 3650 uou‘r'uquirrt5
524 3589 590 3633 uou
612 3573 658 3633 est
672 3569 747 3634 deus
768 3571 805 3635 iu
820 3573 983 3651 conspectu
998 3570 1073 3647 eius,
1096 3567 1288 3648 depuiuctee

168 3673 244 3734 suut
264 3671 337 3735 uiue
359 3671 425 3736 eius
447 3672 483 3737 r'u
505 3673 764 3753 omnitempore·
797 3672 990 3754 auferuntor
1016 3671 1143 3736 ductim
1172 3670 1238 3734 eius
1265 3683 1288 3732 u

270 3909 303 3963 rr
322 3909 366 3964 rs.
385 3911 410 3974 o,
429 3909 531 3997 er-rs
551 3910 601 3978 (ro,
620 3909 698 3977 e-s)

218 4133 319 4203 ceum]
338 4150 356 4205 p
375 4132 440 4188 aar.
462 4119 505 4188 r'
560 4135 639 4187 reus
656 4130 759 4187 aereos
828 4127 1030 4187 suanenses·
1096 4131 1132 4185 ro
1149 4131 1287 4185 rnen-eonn-r

167 4221 224 4273 tate
242 4237 272 4288 υ,
290 4219 324 4286 cf.
344 4221 441 4287 58,12
520 4213 552 4270 12
570 4218 648 4272 iudea
728 4217 760 4271 13
776 4214 928 4292 delinquere
945 4210 1068 4286 popultirli
1082 4210 1218 4272 dttnlnlo
1280 4220 1282 4224 '

170 4304 200 4357 17
219 4307 247 4357 et
265 4307 339 4373 (aute
356 4303 491 4372 familiam)
511 4319 561 4357 oue.
579 4321 595 4358 u
664 4302 695 4356 31
716 4294 867 4358 atterantur
885 4310 900 4357 e
