2850 4754
490 397 531 450 De
550 398 642 450 sancto
659 394 806 450 Athanasio
824 392 892 447 liber
908 393 941 447 II.
1219 390 1281 457 189

161 588 309 672 plurimos
334 586 591 661 Christianorum,
623 584 700 648 alios
729 583 850 647 detines
878 582 1000 646 uinctos
1028 582 1059 645 in
1088 582 1280 658 carceribus,

159 691 188 755 in
210 689 389 773 ergastulis.
421 689 515 752 1111111
540 688 609 751 binc
632 687 750 768 poteris
773 686 881 750 uidere
903 687 936 749 te
955 703 1051 749 unum
1067 703 1136 748 esse
1153 703 1189 747 ex
1203 684 1279 762 illis,

161 793 197 857 sd
230 812 309 875 quos
339 791 469 856 dicitur:
503 794 672 872 serpentes,
699 791 865 873 pecc'mc'no
893 791 1094 871 1111111111,
1124 787 1156 851 11
1181 786 1278 851 iufra:

159 917 218 962 ecce
240 916 295 980 epo
317 896 405 960 mitto
426 894 469 960 od
490 912 546 958 eos
560 893 736 975 propbetas
758 897 786 957 et
807 892 964 973 sopientes
986 895 1016 956 et
1036 891 1164 968 scribas,
1187 896 1215 956 ct
1237 910 1275 955 ee

137 999 224 1066 sitle‘s
246 999 398 1075 occidetis,
423 998 497 1062 dum
519 1015 578 1060 non
603 1014 656 1060 eos
680 995 818 1078 dIgnaris
842 995 980 1060 execrari
1003 1013 1080 1076 quos
1095 993 1205 1058 uideas
1219 1013 1275 1076 por

160 1099 370 1166 abundantem
401 1098 599 1181 Iniquitatem
625 1098 714 1161 tuam
741 1098 911 1161 recessisse
941 1098 979 1161 ab
1003 1097 1173 1178 apostolica
1203 1096 1265 1160 fide

158 1203 227 1268 illos
251 1221 384 1285 quorum
398 1201 574 1284 perfrixerit
596 1202 722 1278 caritas,
740 1199 796 1264 sed
812 1219 864 1265 eos
881 1220 958 1283 quos
974 1199 1083 1264 uideas
1098 1219 1283 1282 permanere

158 1306 188 1368 in
213 1324 249 1370 eo
273 1305 359 1369 statu
381 1294 466 1382 fidei,
500 1304 531 1366 111
555 1321 615 1384 quo
643 1303 805 1367 manentes
832 1303 917 1368 beati
944 1305 1115 1385 prophetae
1144 1303 1277 1386 apostoli

160 1409 253 1490 atque
287 1407 440 1490 martyres
473 1406 655 1470 meruerunt
683 1406 826 1470 aeternas
856 1405 906 1469 dei
936 1407 1086 1487 consequi
1115 1406 1285 1474 amicitias.

120 1529 147 1570 ro
159 1530 218 1575 non
243 1510 325 1575 enim
349 1509 431 1591 apud
453 1508 676 1573 Alexandriam
698 1509 852 1573 Achetam
869 1509 901 1572 et
915 1508 1081 1591 Dydimam
1101 1529 1137 1574 ex
1151 1511 1282 1592 presby-

159 1614 236 1678 teris
259 1613 425 1689 execraris,
449 1613 502 1694 qui
524 1614 692 1676 noscantur
716 1630 753 1676 ex
777 1611 962 1676 ChristiauIs
977 1611 1052 1675 faeti
1068 1612 1202 1690 Arriani,
1226 1611 1282 1676 sed

162 1735 213 1780 eos
237 1734 315 1798 quos
338 1715 440 1780 adhuc
464 1715 629 1797 cognoscis
652 1715 736 1779 stare
758 1715 929 1778 nobiscum.
956 1714 1010 1777 aut
1032 1714 1059 1777 si
1081 1732 1141 1778 nou
1162 1715 1208 1779 ita
1224 1715 1281 1789 est,

161 1838 215 1884 cur
242 1837 323 1883 nuno
353 1837 412 1882 non
443 1818 597 1882 execraris
627 1817 794 1901 Dydimam
822 1818 853 1880 et
880 1817 1049 1893 Achatem,
1083 1836 1161 1898 qnos
1190 1819 1283 1881 antea

162 1920 378 1986 execrabaris?
421 1921 480 1985 nisi
510 1922 583 2002 quia
611 1922 685 1985 tuuc
710 1921 780 1985 ate
802 1920 935 1984 hrissent
958 1920 1150 1984 execrabiles
1172 1919 1281 1995 habiti,

119 2042 150 2082 rs
162 2025 235 2105 qnia
257 2024 362 2088 essent
385 2023 485 2088 adhuc
505 2024 628 2087 scilinet
644 2023 823 2100 Christiani,
846 2041 926 2087 nunc
943 2041 1018 2087 nero
1035 2022 1097 2086 sint
1110 2021 1169 2086 tibi
1184 2022 1281 2087 caris-

162 2128 240 2206 simi,
272 2128 346 2209 quia
367 2127 520 2192 uidelicet
543 2147 611 2192 esse
635 2127 813 2208 coeperunt,
843 2128 879 2190 ut
900 2127 936 2191 tu
960 2145 993 2191 es
1017 2125 1168 2207 apostata,
1191 2124 1280 2190 blas-

161 2231 280 2311 phemi,
329 2229 385 2294 sed
414 2231 477 2294 iam
513 2229 671 2294 credimus
703 2230 736 2293 te
764 2229 835 2311 post
861 2229 966 2293 tantas
994 2228 1194 2310 probationes
1220 2227 1279 2292 tibi

162 2333 314 2397 exhibitas
342 2334 375 2396 te
405 2353 498 2397 unum
529 2351 597 2397 esse
621 2351 657 2396 ex
680 2332 754 2410 illis,
789 2332 829 2396 ad
852 2351 929 2414 qnos
953 2331 1083 2396 dicitur:
1112 2333 1278 2411 serpentes,

160 2436 323 2518 pertimere
346 2439 545 2518 uiperorum,
575 2436 725 2517 quomedo
752 2436 881 2519 supietc's
903 2456 924 2499 o
951 2435 1070 2498 iudicio
1095 2432 1281 2515 crisenone?

122 2556 151 2596 so
163 2536 307 2602 daturum
323 2539 355 2602 te
372 2557 498 2620 operam
514 2557 575 2619 quo
589 2538 690 2619 possis
706 2556 817 2602 curare
833 2538 964 2602 uulnera
978 2538 1036 2602 tibi
1050 2557 1106 2620 per
1122 2536 1280 2601 diabolum

161 2639 278 2705 inflicta
292 2641 359 2705 tam
375 2643 496 2722 grauia,
514 2643 587 2724 qnia
604 2643 635 2706 11
649 2642 807 2706 homicida
822 2642 865 2705 sis
882 2644 913 2705 et
928 2643 1115 2725 sacrilegum
1133 2662 1152 2706 a
1168 2642 1280 2722 quibus

162 2743 342 2808 criminibus
372 2744 398 2806 si
420 2746 452 2807 te
475 2744 611 2809 nolueris
639 2744 777 2821 liberari,
808 2745 935 2826 sanguis
963 2747 1037 2810 tuus
1063 2745 1284 2826 requiratura

160 2845 201 2923 te,
225 2865 281 2910 nos
305 2865 411 2910 coram
430 2847 488 2911 deo
511 2846 619 2911 mundi
642 2847 738 2911 bituri
762 2865 780 2910 a
803 2847 953 2929 sanguine
975 2848 1039 2924 tuo,
1064 2847 1116 2929 qui
1139 2848 1196 2911 tibi
1212 2866 1281 2910 om-

162 2949 251 3013 nibus
273 2949 441 3013 ueritatem
462 2950 704 3037 patefecerimus
733 2949 844 3015 modis.
892 2951 963 3013 ate
991 2969 1051 3014 non
1074 2950 1175 3014 solum
1197 2950 1282 3026 tuus,

126 3052 219 3116 cosed
242 3052 274 3116 et
297 3070 404 3116 eorum
425 3053 601 3133 requiretur
624 3052 761 3134 sanguis,
786 3070 863 3134 quos
887 3053 941 3116 aut
964 3052 1005 3115 ad
1027 3054 1189 3118 haeresem
1204 3071 1277 3135 per·

163 3153 278 3218 duxisti
302 3154 532 3236 suscipiendam
556 3156 611 3219 aut
633 3155 673 3218 ad
692 3155 890 3220 innocentem
912 3156 1049 3220 inlexisti
1064 3155 1280 3238 iugulandum.

204 3257 322 3322 XXIII.
347 3255 411 3320 Sed
433 3257 460 3321 si
483 3257 614 3322 dixeris:
638 3258 822 3322 arbitrabor
837 3259 966 3323 iliorum
980 3259 1168 3323 catholecam
1182 3258 1280 3338 fnisse

160 3359 254 3441 fidem
275 3380 351 3441 quos
373 3361 481 3426 dicitis
503 3360 675 3443 Acriores,
700 3361 727 3424 si
748 3359 779 3425 in
794 3360 869 3425 fidei
890 3362 1008 3426 nutasti
1024 3380 1129 3439 causa,
1154 3360 1280 3442 siquod

162 3461 184 3524 ii
200 3462 253 3544 qui
269 3461 397 3526 eredere
414 3482 447 3526 se
464 3462 570 3526 dicant
584 3463 614 3526 111
631 3464 808 3528 creaturam
822 3464 974 3546 ignorasti
990 3464 1072 3547 qnod
1089 3464 1151 3528 siut
1165 3465 1279 3529 haere-

127 3562 228 3640 snei,
257 3564 289 3627 hi
313 3564 366 3646 qui
390 3564 497 3628 dicant
519 3565 612 3631 deum
641 3585 701 3631 non
723 3567 837 3631 babere
859 3586 970 3632 nerum
992 3566 1101 3643 filium,
1130 3567 1279 3648 numquid

166 3665 260 3729 etiam
282 3668 340 3730 hoc
363 3666 514 3748 ignorasti
545 3668 618 3748 quia
645 3686 704 3732 non
728 3668 768 3733 sit
789 3668 907 3733 iustum
936 3668 1041 3751 gladIo
1063 3668 1207 3750 persequi
1230 3669 1281 3737 in·

267 3869 284 3921 3
301 3870 397 3926 Matth.
416 3871 457 3934 23,
477 3872 510 3925 33
578 3873 595 3923 4
613 3872 648 3928 ib.
667 3872 709 3937 23,
727 3872 762 3924 34

215 4039 232 4092 6
254 4038 453 4094 habundantem
563 4039 595 4093 10
618 4043 682 4110 aput
707 4041 857 4096 alexandria
879 4042 1027 4096 machetam
1048 4043 1078 4111 V,
1099 4041 1284 4098 AIexandriam

159 4122 352 4193 &Machetamc
347 4142 412 4181 merc
422 4126 492 4180 Lot
469 4127 558 4180 tentus
610 4125 778 4194 praesbiteris
791 4128 821 4192 V,
835 4126 951 4181 diaconis
963 4131 1033 4183 eene.
1046 4127 1217 4184 Gaiiaredc'us

167 4226 199 4278 13
216 4226 364 4280 machetam
380 4229 406 4282 V
472 4229 504 4283 19
521 4229 627 4298 gemina
712 4229 775 4282 201
763 4231 799 4299 11]
819 4232 846 4285 11
858 4230 933 4300 fort,
952 4232 1001 4285 sed
1019 4231 1054 4298 ef.
1073 4234 1217 4296 19111

166 4312 199 4365 22
216 4311 328 4366 liberare
340 4313 406 4380 sort.
477 4315 510 4368 28
528 4317 591 4384 quot
607 4316 696 4385 111111,Ι
714 4333 761 4370 em.
779 4316 845 4372 Lat.
914 4315 949 4370 30
965 4316 1085 4386 numquIt
