2850 4754
493 404 534 457 Dc
552 405 643 457 sancto
662 403 807 456 Athanasio
825 402 893 456 liber
909 403 941 458 11.
1220 405 1280 470 159

164 598 264 658 morte.
288 613 355 659 aare
376 592 478 657 sotum
499 593 556 673 qai
578 592 639 656 itta
659 594 795 675 faciant,
819 593 873 657 seat
894 594 990 656 etiarn
1012 593 1066 673 qai
1081 594 1281 657 consentiant

163 695 349 777 facientibus
370 715 416 758 ec.
441 711 514 758 ecce
536 693 651 757 nimius
675 711 760 758 amor
781 693 812 756 in
836 695 868 757 te
891 693 993 758 subito
1017 693 1101 757 circa
1123 713 1178 758 nos
1195 696 1280 758 ortus

163 797 235 879 quid
257 797 347 862 nobis
369 795 554 874 contulerat,
580 797 605 860 si
628 796 684 859 tibi
707 797 882 877 temperare
907 795 1114 859 auderemus?
1148 797 1279 861 mortem

162 901 365 965 hauseramus
387 899 578 981 perpetuam.
624 897 699 961 item
726 897 802 961 dicit
829 896 925 961 infra:
963 897 1047 961 auiti
1075 898 1195 962 matam
1221 919 1281 978 pro

141 1004 244 1067 amalo
266 1003 438 1080 reddentes,
465 1001 668 1083 procidentes
690 1001 771 1065 baua
795 1020 860 1064 rroa
881 1000 982 1063 satam
1005 1020 1111 1064 caram
1133 1001 1197 1081 deo,
1227 1002 1281 1066 sed

162 1107 255 1170 etiam
278 1125 382 1170 coram
404 1104 592 1169 homiuibus.
622 1104 652 1166 si
679 1103 749 1184 deri
772 1107 882 1186 potest,
911 1103 993 1183 qaod
1019 1123 1057 1168 ea
1085 1105 1172 1168 rachis
1201 1106 1281 1186 ipsis

161 1212 212 1286 est,
243 1228 314 1273 caru
347 1207 491 1271 amadus
521 1205 699 1269 homicidas
725 1224 838 1285 pacem
870 1204 1020 1271 habentes.
1059 1205 1167 1271 sitiens
1201 1209 1278 1272 haec

163 1309 277 1374 calceui
300 1309 453 1373 salutaria
474 1308 593 1371 monita
617 1326 650 1370 es
679 1325 734 1370 nos
764 1305 907 1371 hortatus
934 1308 1043 1389 punire
1072 1309 1278 1376 innocentem.

162 1412 314 1495 quomodo
350 1412 432 1475 enim
464 1412 546 1476 bona
578 1428 638 1474 non
668 1409 767 1473 solum
795 1427 902 1474 coram
930 1409 1004 1487 deo,
1042 1411 1098 1475 sed
1129 1413 1160 1475 et
1196 1413 1279 1495 apud

115 1531 150 1570 ιο
162 1515 301 1579 homines
323 1513 499 1597 prouidisse
520 1512 765 1587 inueniebamur,
778 1511 805 1575 si
821 1511 1059 1577 damnassemus
1072 1514 1279 1594 innocentem,

164 1618 214 1698 qui
238 1617 435 1681 dedissemus
457 1616 589 1680 formam
613 1615 653 1678 ad
676 1615 857 1695 sanguinem
887 1614 1080 1679 fundandum
1107 1618 1281 1684 iustorum?

164 1721 317 1802 quomodo
333 1739 406 1784 cnm
422 1720 564 1784 omnibus
582 1718 763 1782 inueniebar
778 1717 955 1782 hominihus
970 1738 1081 1800 pacem
1098 1720 1281 1786 desiderans

162 1824 286 1903 hahere,
310 1823 364 1906 qui
387 1822 586 1905 suggestione
608 1821 664 1884 tua
685 1820 767 1884 falsa
789 1820 940 1884 haeretici
965 1822 1083 1886 excitus
1098 1842 1209 1904 paoem
1226 1843 1280 1889 en-

163 1925 325 1990 tinxissem
348 1924 581 1989 consacerdotis
603 1923 687 1987 mci?

121 2049 153 2088 15
202 2028 272 2092 VII.
301 2028 370 2104 Dic,
400 2026 571 2103 Constanti,
601 2045 712 2090 uerum
740 2025 857 2089 crimen
882 2025 1024 2090 detulisti
1048 2026 1087 2090 de
1110 2027 1280 2092 Athanasio

165 2129 276 2194 addai
300 2130 467 2194 ecclesiam
497 2149 536 2193 an
565 2129 699 2192 falsum?
744 2128 770 2191 si
799 2147 908 2192 uerum
930 2130 962 2192 te
988 2128 1138 2193 detulisse
1161 2132 1281 2193 certum

165 2231 268 2311 habes,
291 2234 389 2314 proba
411 2233 487 2296 mihi
502 2232 554 2314 qui
569 2232 602 2295 te
617 2231 681 2295 ianr
696 2231 768 2294 falsi
784 2231 923 2295 criminis
940 2232 1074 2313 cognoui
1089 2232 1280 2314 portitorem.

167 2335 323 2399 arbitraris
345 2335 423 2398 nihil
443 2335 476 2398 te
497 2334 651 2398 malorum
673 2334 705 2397 in
729 2334 899 2414 conspectu
924 2334 1026 2415 egisse
1052 2333 1124 2399 dei?
1147 2354 1227 2418 quae
1249 2335 1281 2398 te

166 2437 302 2518 conpulit
322 2437 405 2501 ratio
428 2437 496 2501 fieri
512 2437 627 2501 testem
643 2436 778 2500 falsum?
801 2455 856 2500 cur
871 2435 1006 2499 mandax
1016 2437 1190 2519 imperator
1205 2439 1281 2502 enti-

131 2538 249 2604 ausus
272 2559 329 2604 cur
343 2559 403 2604 ncn
417 2540 550 2603 timuisti
565 2558 603 2603 ne
621 2539 760 2620 exemplo
777 2539 917 2602 Ananiae
934 2539 967 2603 et
984 2537 1153 2620 Sapphirae
1169 2539 1282 2605 fuisses

166 2642 338 2707 arducius?
366 2643 504 2724 loquitur
526 2641 558 2704 in
581 2640 719 2704 Actibus
743 2641 953 2722 apostolorum
985 2642 1139 2722 scriptura
1168 2643 1282 2707 dixisse

164 2742 289 2808 beatum
304 2746 434 2809 Petrum
449 2744 489 2808 ad
504 2743 661 2807 Ananian:
685 2748 720 2806 at
738 2745 816 2824 qaid
831 2745 963 2824 repleuit
977 2749 1110 2809 sctarras
1124 2766 1178 2811 cor
1192 2750 1282 2809 taam

164 2849 291 2912 mentiri
319 2848 451 2928 spritui
481 2851 606 2930 sarecto,
641 2851 677 2910 ut
709 2845 905 2910 subtraheres
937 2847 976 2911 de
998 2849 1103 2929 pretio
1127 2849 1283 2930 praedii?

164 2967 268 3014 uanae
281 2969 416 3014 mareas
436 2949 494 3013 tihi
515 2949 663 3012 mouebat
683 2955 711 3011 et
725 2949 888 3012 uenditare
905 2949 942 3012 ire
958 2954 1015 3013 tua
1029 2956 1097 3015 erat
1109 2953 1282 3032 potestate?

133 3052 238 3133 aquia
259 3053 408 3134 estquod
428 3052 563 3132 posuisti
585 3053 622 3114 irc
645 3052 734 3115 corde
755 3056 807 3116 tao
830 3071 896 3115 rem
918 3053 1040 3118 istam?
1062 3074 1131 3118 aaa
1152 3074 1183 3118 es
1198 3075 1282 3119 mea·

164 3155 239 3222 titas
261 3159 449 3237 hominihus,
465 3158 519 3222 sed
532 3158 598 3221 deo.
622 3158 757 3222 audieris
771 3162 875 3221 catera
889 3159 1043 3222 Arcaaias
1057 3158 1113 3221 hos
1127 3176 1283 3222 sermones

164 3261 270 3325 macic
292 3266 321 3325 et
342 3261 515 3342 expiraret.
539 3260 693 3340 attactas
715 3264 759 3323 est
781 3261 876 3324 timor
897 3279 1032 3343 aequas
1060 3280 1155 3341 saper
1177 3279 1282 3324 omues

164 3363 217 3441 qai
239 3364 421 3428 ucadiehcat.
444 3367 605 3444 sarqeates
628 3367 732 3426 autera
760 3362 967 3427 adolescentes
994 3363 1190 3427 sustulerant
1212 3382 1282 3425 cara

164 3468 189 3526 et
211 3471 317 3531 cautes
338 3466 538 3547 sepelierant.
560 3468 683 3549 factam
705 3471 748 3530 est
770 3471 875 3530 aarum
897 3467 1109 3531 interuallum
1130 3465 1282 3528 horarum

133 3567 225 3646 ³0fere
246 3570 355 3653 trium,
380 3574 408 3633 et
428 3589 514 3651 acar,
532 3570 599 3634 eiras
620 3569 762 3633 aescieas
783 3569 865 3649 qaod
886 3573 955 3632 erat
974 3570 1095 3650 saetam
1123 3566 1263 3631 intrauit
1269 3615 1278 3647 ,

262 3756 280 3808 4
297 3755 371 3808 Rom.
390 3755 431 3818 12,
450 3756 491 3807 17.
510 3755 542 3807 18
645 3754 678 3805 22
696 3754 754 3808 Act.
774 3755 799 3816 5,
818 3753 902 3806 3-10

1025 3877 1077 3912 fla.

212 3923 228 3975 3
246 3923 425 3992 obtemperare
442 3926 466 3978 V
481 3931 646 3979 carraceto
715 3927 732 3977 4
750 3941 899 3978 auseramns
967 3923 1035 3976 malo
1052 3906 1077 3990 (Π
1096 3943 1130 3978 ra.
1149 3930 1212 3992 rec.)

167 4007 296 4063 uocatus
314 4014 381 4063 nal
467 4011 571 4063 9enim
593 4013 623 4078 V,
642 4013 729 4064 autem
751 4013 776 4065 V
790 4029 823 4064 ra.
843 4028 894 4064 rec.
914 4016 973 4063 etc
1065 4015 1128 4078 aput
1145 4029 1179 4063 ru.
1197 4017 1219 4108 1ὴ

169 4111 198 4164 13
208 4113 321 4167 “hahere
335 4114 362 4180 (a
374 4131 408 4168 ra.
419 4116 483 4180 rec.)
554 4114 651 4166 excitus
664 4115 734 4167 curci.
747 4115 891 4179 Latiares,
911 4114 994 4166 exitus
1010 4114 1048 4166 Vc
1117 4114 1151 4167 20
1163 4116 1282 4184 sappirae

169 4212 185 4277 tl
201 4233 232 4269 m.
250 4218 315 4282 rec.)
402 4215 435 4267 22
453 4216 608 4268 ananiama
694 4215 728 4268 24
746 4190 796 4268 οτῖῐ
814 4221 834 4283 t·
850 4234 883 4268 ru.
903 4221 966 4285 rec.)
1035 4216 1068 4269 26
1086 4221 1214 4270 annanias

169 4313 198 4365 27
214 4292 290 4372 omne
