2902 4748
154 91 222 158 ί,194
645 92 793 147 Luciferi
874 97 879 107 ’

160 299 303 347 erescere
327 281 456 345 aduerte
474 281 505 344 et
521 279 637 344 Christi
660 279 813 345 militibus
836 281 979 363 gloriam,
1004 298 1061 344 nec
1084 280 1284 345 retardamur

161 387 294 467 deniqne
319 387 357 449 ab
382 385 448 447 acie
471 374 696 447 tormentorum
718 384 815 461 metu,
840 383 896 446 sed
918 384 994 465 ipsis
1016 385 1119 468 magis
1136 384 1201 449 tuis
1215 376 1283 449 tor·

160 490 275 555 mentis
293 489 332 552 ad
350 489 449 552 aciem
466 505 683 569 prouooamur.
707 488 784 550 haec
800 487 846 549 ita
862 505 931 551 esse
947 498 1063 569 negare
1080 506 1140 552 non
1155 488 1283 569 poteris,

161 592 285 676 quando
314 591 488 672 conspicias
518 590 586 671 pari
615 592 646 653 et
677 590 772 653 simili
800 591 905 654 calore
936 591 1061 654 uirtutis
1089 591 1285 657 Christianos

159 699 226 762 toto
247 697 279 759 in
303 697 377 760 orbe
402 695 442 758 ad
464 694 635 776 gerendum
659 696 819 756 certarnen
844 695 1007 772 animatos,
1032 693 1157 775 quando
1174 694 1286 758 uideas
1310 713 1321 750 o

160 799 296 862 militum
327 798 442 862 Christi
477 797 687 878 incorruptam
717 797 792 860 fidei
822 797 1004 861 firmitatem
1035 797 1119 878 quod
1143 817 1204 861 non
1230 797 1286 861 de-

158 903 325 968 testandae
358 904 431 965 tuan
466 899 638 964 blanditiae
670 899 843 981 desipiant,
873 920 932 963 non
963 901 1066 963 minae
1096 901 1211 966 furoris
1241 901 1311 963 tui.

159 1009 313 1081 terreant,
342 1024 402 1068 non
425 1005 583 1067 cruciatus
605 1004 679 1066 tuae
703 1002 904 1066 carnificinae
929 1023 963 1066 ac
987 1004 1148 1067 tormenta
1170 1004 1287 1067 crude-

160 1109 260 1172 litatis
284 1108 461 1181 douineant,
485 1107 540 1169 illo
562 1106 713 1169 uidelicet
736 1107 766 1168 in
790 1107 878 1170 nobis
901 1108 1047 1169 manente
1070 1108 1101 1170 et
1123 1107 1287 1171 nobiscum

162 1230 285 1293 semper
307 1212 476 1274 constituto
505 1211 556 1292 qni
587 1211 626 1274 ad
649 1211 759 1274 locatos
784 1212 941 1292 apostolos
966 1212 1094 1275 dixerit:
1126 1213 1288 1277 nobiseum
1302 1226 1324 1263 1⁰
1376 1234 1426 1271 0

162 1334 233 1378 snm
255 1315 400 1379 omnibns
421 1315 530 1378 diebus
552 1334 649 1394 usqne
672 1317 714 1378 nd
743 1317 1044 1378 consummationem
1073 1315 1202 1381 soeculi.
1242 1317 1289 1379 est

163 1417 278 1498 ubique
301 1436 459 1499 praesens.
483 1418 556 1497 qnia
580 1417 799 1498 omnipotentis
817 1418 857 1480 sit
872 1417 956 1480 filius
971 1419 1073 1481 totum
1089 1419 1214 1499 potens,
1239 1419 1288 1482 cui

131 1510 135 1520 ’
162 1539 234 1590 cum
257 1522 346 1602 patre
369 1539 431 1583 una
455 1520 496 1583 sit
519 1520 688 1584 aeternitas
713 1521 807 1601 atque
830 1521 969 1602 potestas
994 1521 1110 1584 diuina.

204 1625 241 1688 V.
267 1623 330 1687 Sed
351 1623 383 1686 te
408 1624 525 1704 quanta
548 1623 649 1704 caligo
674 1623 833 1687 obsederit
854 1623 1086 1688 incredulitatis
1109 1625 1289 1706 quantaque

160 1728 362 1792 tenebrarum
392 1726 424 1788 et
453 1743 590 1788 errorum
622 1726 719 1789 nubes
750 1726 840 1788 tuum
870 1727 981 1807 peetus
1010 1726 1192 1806 obduxerit,
1229 1727 1289 1790 dici
1303 1750 1399 1793 131
1433 1762 1451 1798 1<

60 1823 63 1831 ’
161 1849 222 1894 non
246 1830 360 1911 potest,
385 1829 437 1919 qui
454 1847 525 1890 curn
541 1829 573 1890 te
591 1829 802 1892 Christianum
818 1828 932 1911 fingas,
955 1829 1168 1894 Christianum
1185 1831 1289 1894 tamen

162 1952 275 1997 nomen
299 1953 314 1995 e
337 1932 444 1995 medio.
466 1932 588 1994 auson-e
611 1931 730 1994 nitaris.
770 1932 851 1996 inter
879 1933 956 1996 hacc
989 1932 1118 1997 daturos
1146 1933 1289 2016 legentes

162 2036 287 2101 ueniam
316 2036 495 2116 conspicere
527 2035 638 2121 debes,
675 2035 758 2115 quod
789 2055 843 2116 pro
875 2036 987 2099 merito
1016 2037 1191 2118 impietatis
1217 2039 1289 2101 tuae

162 2139 310 2204 facundia
332 2138 499 2201 mediocris
522 2138 638 2218 ingenii
661 2138 724 2225 mei
748 2137 788 2200 ad
812 2139 1037 2202 exsecrandum
1059 2141 1092 2202 te
1111 2140 1289 2205 describere

163 2262 222 2308 non
246 2243 397 2317 ualuerit;
429 2241 554 2305 dedisse
577 2261 628 2304 me
653 2242 768 2305 etenim
790 2241 942 2306 uidebant
971 2241 1104 2306 formam
1134 2244 1310 2308 uniuersis·

165 2347 259 2411 deum
281 2346 465 2409 timentibus
488 2346 732 2426 praebuisseque
754 2346 929 2421 materiam,
942 2346 1142 2424 tractaturis,
1175 2366 1237 2428 quo
1258 2346 1289 2409 te

164 2448 271 2514 ordine
294 2449 422 2530 possent
444 2449 510 2511 sine
533 2448 618 2512 uitae
642 2448 787 2511 aeternae
815 2448 976 2512 radicibus
1004 2449 1140 2530 positum
1172 2466 1288 2513 secare.

163 2571 220 2616 nec
244 2554 276 2614 te
303 2551 468 2615 maledicis
498 2551 628 2615 uocibus
659 2550 747 2614 dicas
776 2570 795 2614 a
824 2552 913 2615 nobis
943 2552 1117 2634 obiurgari,
1153 2552 1182 2616 si
1212 2570 1290 2635 quae

165 2655 276 2736 dignus
301 2673 334 2718 es
365 2673 382 2717 a
403 2654 529 2717 rusticis
557 2654 633 2716 licet
656 2653 761 2716 tamen
786 2653 971 2718 Christianis
996 2654 1096 2718 audis.
1143 2656 1290 2737 nouimus

143 2761 224 2822 'non
253 2756 524 2834 maledicendum,
562 2756 618 2820 se'd
646 2757 758 2838 magis,
776 2758 902 2837 propter
930 2757 1073 2822 inimicos
1099 2759 1291 2841 rogandumt
1370 2781 1392 2820 n

164 2860 247 2924 filius
272 2859 386 2923 etenim
411 2861 460 2924 dei
484 2880 588 2925 rerum
611 2880 683 2924 cum
706 2860 747 2924 sit
771 2860 931 2937 dominus,
960 2861 1067 2925 tamen
1092 2880 1166 2926 cum
1188 2863 1305 2928 male-

166 2964 332 3041 diceretur,
356 2982 416 3028 non
439 2965 695 3029 remaledicebat.
734 2963 883 3040 ceterum,
908 2965 934 3027 si
956 2983 1061 3028 rerum
1084 2965 1333 3030 malediceret:

166 3068 327 3146 dominus,
359 3069 466 3132 tantae
489 3069 597 3149 utique
620 3069 797 3132 maiestatis
821 3068 940 3149 impetu
964 3069 1112 3132 uniuersa
1142 3069 1327 3146 concide-

163 3171 241 3235 rent.
283 3171 361 3236 dicis
390 3171 498 3252 utique
529 3170 569 3234 ad
597 3172 692 3234 haec:
727 3172 875 3234 dominns
904 3175 931 3233 tc
959 3173 1064 3236 mitem
1094 3192 1160 3236 esse
1191 3168 1356 3238 noluit

164 3275 280 3356 qnippe
302 3276 475 3339 antistitem
499 3294 602 3357 enom,
626 3278 655 3336 et
670 3278 704 3336 tn
719 3278 748 3338 te
761 3275 959 3354 pernicaccm
975 3274 1022 3337 mc
1045 3272 1133 3339 cirea
1152 3275 1357 3355 proebeeae
1389 3281 1394 3314 ³

128 3413 131 3420 ·
165 3378 335 3459 prophetae
365 3377 498 3458 apostoli
529 3377 560 3439 et
590 3377 703 3464 chorus
734 3376 967 3457 euangeliorum
996 3396 1056 3440 non
1087 3377 1372 3443 occidendum

269 3566 282 3618 1
302 3564 334 3617 of.
353 3564 477 3633 Cypriani
496 3565 572 3632 epist.
591 3562 692 3631 11490,
710 3563 779 3631 9sq,
839 3565 862 3615 Ἰ5
881 3562 912 3616 cf.
932 3562 1007 3631 Cypr.
1025 3563 1050 3615 Π
1067 3564 1128 3629 leo,
1143 3565 1177 3618 15
1189 3583 1229 3635 sq.

167 3651 200 3703 10
216 3649 313 3704 Matth.
331 3650 373 3714 28,
393 3650 426 3703 20

219 3839 232 3889 1
253 3853 300 3891 uec
318 3839 388 3892 coni.
407 3821 553 3905 Latinius,
572 3855 605 3890 ne
622 3839 660 3892 Vo
729 3838 745 3890 2
764 3839 836 3905 aciae
905 3839 921 3890 6
940 3838 1052 3891 militum
1072 3840 1187 3907 scripsi,
1206 3805 1356 3892 mitefl

172 3925 202 3986 V,
220 3924 365 3977 militemur
435 3924 464 3976 11
486 3925 550 3977 secli
620 3925 653 3977 12
671 3925 869 3992 omnipotenso
939 3925 971 3976 14
989 3924 1186 3978 incrudelitatis
1203 3926 1233 3993 V,
1250 3926 1350 3978 οὔ

167 4025 216 4060 υ’
254 4009 286 4061 15
305 4007 461 4062 obduxerint
529 4009 563 4061 22
582 4009 655 4061 sinae
