2850 4754
130 372 194 439 328
619 372 764 427 Luciferi

131 579 234 625 meam
255 579 404 627 reuocare
433 580 493 626 non
521 579 657 642 possum.
691 578 792 625 sermo
821 560 904 624 enim
933 560 1061 642 pietatis
1088 561 1164 626 tuae
1189 562 1254 626 iam

132 663 250 730 dudum
274 664 315 729 ad
335 664 484 747 populum
506 665 621 730 missus
643 681 694 728 me
718 663 844 746 quidem
866 681 959 746 quem
973 664 1129 747 patienter
1150 665 1254 730 omnia

131 768 211 834 forre
234 787 362 833 neccsse
377 769 426 833 est
440 768 608 851 plurimum
622 766 752 844 lacerat,
769 766 824 830 sed
841 767 979 830 animum
992 769 1085 832 tuum
1101 768 1156 850 qui
1171 766 1254 832 leni-
1277 827 1280 833 .

129 872 190 936 tati
212 890 334 954 semper
355 872 460 948 uacat,
483 870 536 952 qui
558 888 727 950 numquam
753 869 789 933 ut
811 869 961 951 scriptum
983 871 1032 934 est
1051 871 1086 934 in'
1107 889 1254 936 occasum

132 974 193 1038 diei
209 973 404 1039 iracundiam
420 973 535 1050 seruat,
558 971 734 1056 retine<re>
752 971 838 1035 circa
851 989 902 1036 me
924 970 1171 1054 indignationem
1193 973 1255 1038 mi-
1276 989 1288 1029 ⁵

130 1076 238 1142 raculo
266 1077 344 1141 mihi
374 1077 430 1140 est.
466 1093 524 1159 ego
552 1075 651 1158 enim,
678 1074 913 1157 religiosissime
942 1075 1121 1157 imperator,
1149 1076 1255 1141 tecum

131 1197 239 1245 ueram
260 1199 371 1262 pacem
392 1180 526 1262 requiro,
550 1197 629 1260 quae
651 1196 712 1242 non
741 1178 781 1241 sit
808 1178 914 1242 uerbis
942 1179 1103 1260 conposita
1132 1179 1256 1244 interna

133 1284 333 1367 dispositione
349 1284 503 1361 fallaciae,
520 1282 577 1348 sed
588 1281 763 1364 praeceptis
779 1281 1012 1365 euangeliorum
1027 1281 1256 1347 rationabiliter

131 1387 323 1451 confirmata.
352 1405 412 1451 non
435 1385 598 1450 Athanasii
619 1384 743 1448 tantum
764 1383 934 1466 negotium,
957 1384 1014 1450 sed
1028 1385 1131 1449 multa
1146 1384 1210 1448 alia
1224 1383 1255 1447 in

129 1489 269 1554 medium
284 1489 445 1566 uenerunt,
468 1488 595 1570 propter
612 1505 693 1569 quae
708 1487 876 1551 concilium
891 1486 959 1551 fieri
981 1487 1256 1552 mansuetudinem
1269 1499 1292 1540 1⁰

130 1593 218 1656 tuam
240 1591 360 1656 fueram
383 1591 578 1675 deprecatus,
601 1591 637 1653 ut
659 1590 731 1653 ante
752 1590 865 1667 omnia,
890 1590 973 1672 quod
995 1590 1174 1673 specialiter
1199 1609 1256 1672 op-

129 1695 179 1758 tat
198 1695 313 1760 mentis
334 1696 408 1759 tuac
432 1712 507 1776 erga
530 1683 623 1759 deum
646 1693 768 1757 sincera
791 1692 926 1771 deuotio,
956 1711 1028 1757 cum
1055 1691 1132 1758 fidei
1160 1711 1257 1759 causo

129 1798 161 1862 in
185 1816 245 1880 qua
260 1799 361 1879 prima
375 1798 464 1862 nobis
479 1816 550 1879 spes
566 1797 670 1861 estad
687 1790 779 1860 deum
796 1796 961 1879 diligenter
976 1796 1087 1861 inisset
1106 1796 1255 1873 tractata,

130 1901 295 1988 neg<otia>
320 1919 427 1966 eorum
450 1902 502 1984 qui
516 1901 656 1966 nostram
679 1901 763 1966 circa
786 1900 879 1965 deum
895 1900 1127 1966 obseruantiam
1149 1897 1259 1963 mirari

131 2004 246 2070 dehent
267 2006 395 2086 possent
417 2004 507 2068 finiri.
539 2004 570 2068 et
600 2004 728 2088 dignum
756 2003 858 2069 furerat
886 1987 936 2068 dei
966 2004 1095 2080 cultore,
1127 1989 1257 2085 dignum
1268 2000 1293 2052 1⁵

130 2108 259 2189 imperio
281 2109 335 2171 tuo
352 2106 435 2188 quod
459 2106 575 2172 Christi
589 2106 707 2189 pietate
729 2108 848 2188 regitur
866 2107 897 2170 et
918 2107 1050 2188 augetur
1074 2096 1255 2186 specialiter

130 2213 188 2275 hoc
211 2211 314 2293 ipsum
335 2229 389 2291 pro
412 2208 590 2274 reuerentia
612 2210 740 2274 sanctae
755 2209 924 2290 religionis,
948 2209 999 2272 oui
1013 2207 1183 2291 prudenter
1205 2207 1253 2270 in·

129 2313 234 2377 tentus
258 2332 301 2391 es,
318 2312 517 2383 clementiam
528 2312 616 2376 tuam
631 2313 719 2376 nobis
735 2310 868 2376 adhaec
884 2309 1069 2393 inpetranda
1083 2312 1253 2393 praestare.

174 2415 237 2480 Sed
252 2415 344 2479 multi
368 2414 520 2479 ecclesiae
543 2415 685 2479 membra
705 2415 846 2478 lacerare
869 2413 1026 2491 festinant,
1057 2415 1111 2496 qui
1135 2413 1253 2478 confin-

130 2519 242 2582 xerunt
252 2537 302 2582 me
317 2518 440 2581 litteras
454 2516 673 2599 suppressisse,
682 2535 727 2580 ne
740 2516 870 2580 crimina
886 2517 952 2581 eius
965 2536 1057 2599 quem
1071 2515 1254 2581 dicebantur
1266 2537 1291 2576 so

132 2621 357 2685 condemnasse
381 2619 464 2702 apud
487 2638 593 2684 omnes
608 2619 761 2701 paterent,
785 2620 874 2702 quasi
895 2619 967 2684 illas
982 2620 1106 2684 litteras
1131 2619 1253 2702 episco-

130 2743 240 2806 porum
263 2713 459 2788 orientalium
482 2724 515 2786 ct
531 2722 765 2806 Aegyptiorum,
789 2724 901 2805 quibus
923 2723 954 2787 in
978 2724 1120 2789 omnihus
1143 2721 1254 2787 eadem

129 2826 161 2890 in
176 2825 383 2894 dormasium
397 2826 527 2890 cumina
548 2826 793 2891 continebantur
818 2827 850 2890 at
871 2827 948 2891 satis
970 2826 1118 2892 omuibus
1135 2825 1254 2915 alarum

132 2930 180 2993 est
215 2947 272 2995 nec
302 2929 467 3012 quisquam
493 2929 589 3011 nogat
621 2947 677 2994 nos
706 2929 902 2994 orientalium
929 2929 1053 2994 litteras
1081 2928 1253 3005 intimasse

130 3029 247 3113 legisse
270 3031 432 3110 ecclesiae,
454 3032 570 3113 legisse
593 3032 725 3098 concilio
750 3033 844 3115 atque
868 3033 1007 3098 adhaec
1031 3033 1127 3097 etiam
1150 3032 1254 3097 orien-
1266 3047 1292 3090 a

131 3134 248 3201 talibus
263 3135 472 3217 respondisse,
497 3135 649 3221 qui<bus>
666 3135 806 3200 fidemet
822 3137 1008 3201 sententiam
1029 3154 1090 3200 non
1112 3154 1256 3200 commo·

132 3236 276 3303 dauimus
304 3239 454 3315 nostram,
485 3238 568 3320 quod
591 3237 701 3302 eodem
728 3239 871 3320 tempore
894 3238 1008 3303 LXXV
1039 3239 1261 3321 opiscoporum*

131 3339 353 3424 Aegyptiorum
370 3340 408 3404 de
424 3339 595 3404 Athanasio
611 3340 766 3405 sententia
780 3342 983 3423 repugnabat.
1001 3360 1095 3425 quam
1112 3341 1258 3406 similiter

183 3561 199 3613 3
216 3560 291 3632 ferie*
314 3569 434 3615 necesse*
454 3563 484 3626 V,
505 3561 615 3615 litteras
632 3562 714 3616 hodie
727 3563 858 3630 perditas
876 3551 946 3630 qaas
964 3562 1109 3617 asteriscis
1125 3563 1256 3616 indicaui

132 3646 198 3715 legit
215 3647 260 3700 acl
277 3652 349 3701 recte
367 3647 542 3716 suppleatis
606 3647 768 3715 .4semper
784 3649 863 3700 uacat
880 3665 904 3710 o,
929 3664 1050 3700 sacua
1071 3649 1098 3701 V
1181 3648 1256 3700 διο-

131 3731 214 3783 tine.
292 3723 487 3786 9coniormata
505 3734 574 3787 coni.
592 3733 730 3786 Latinius
834 3733 866 3785 14
883 3732 991 3800 negotia
1008 3732 1120 3802 scripsi,
1140 3737 1188 3786 nec
1209 3734 1256 3800 Vc,

132 3818 160 3869 ct
177 3816 248 3870 cccci.
267 3817 399 3881 Paccius,
423 3820 486 3871 tunc
504 3818 575 3872 coci.
595 3818 687 3873 (locst.
790 3818 824 3878 20
842 3818 1029 3885 suppraessisse
1133 3817 1256 3871 dicabant

131 3900 198 3966 fort.
268 3900 300 3953 21
320 3902 526 3972 condempnasse
544 3904 608 3971 aput
677 3903 750 3972 quasi
763 3907 805 3972 (=
817 3902 929 3970 scilicet)
942 3919 975 3957 ea
987 3903 1045 3958 cod.
1063 3903 1138 3958 Pitlu
1156 3903 1255 3971 accepi,

133 4001 195 4053 quas
212 3986 259 4099 Vno,
276 4002 323 4053 per
334 3990 403 4042 corii.
423 3989 503 4056 Lot.;
522 3987 593 4053 Quas
604 3987 664 4042 illas
675 3987 799 4041 litteras?
816 3987 1003 4056 Episcoporum
1016 3988 1081 4043 dict.
1095 3988 1188 4046 Occisi.

130 4105 164 4159 22
183 4105 330 4160 cristalium
348 4109 376 4172 et
378 4109 555 4178 egyptiorum
624 4109 691 4172 23
710 4109 810 4171 adeatis
913 4108 946 4165 25
966 4107 1049 4178 adque
1152 4107 1187 4161 ad
1204 4123 1253 4161 oar

133 4191 225 4245 (locst.
329 4192 373 4245 26
381 4193 473 4261 quibus
491 4195 561 4249 coni
578 4194 724 4290 Latinius,
744 4195 787 4264 qui
808 4195 855 4263 Vc,
874 4195 934 4264 quia
952 4194 984 4247 iis
1003 4193 1073 4248 cocci.
1094 4182 1186 4248 Goast
1256 4204 1258 4208 ⁴

131 4275 164 4328 27
183 4276 318 4344 octoginta
338 4278 429 4333 Ooicst
