2850 4754
491 376 532 430 De
550 378 642 429 sancto
660 375 806 428 Athanasio
824 374 892 428 liber
907 375 941 429 11.
1218 379 1278 444 149

162 564 256 629 rostri
277 562 381 643 facere
402 562 521 643 uelim
552 563 608 628 illc
630 564 715 628 enim
737 563 896 628 homicida
917 565 985 646 fuit
1004 565 1044 628 ab
1066 566 1160 629 inii-io
1183 569 1213 629 ci
1240 567 1280 630 irc

161 667 291 733 acritate
323 686 387 730 sorr
420 668 512 732 stetit.
558 685 591 732 es
613 667 747 732 mendax
771 668 802 732 et
830 666 997 745 homicida,
1031 668 1175 745 mendax,
1206 669 1279 749 quia

162 772 289 836 crimina
324 771 405 835 falsa
434 771 586 836 obieceris
616 770 667 835 dei
696 789 787 836 seruo
816 771 1003 848 Athanasio,
1031 771 1174 849 mendax,
1206 772 1278 853 quia

162 874 351 939 haereticam
372 873 468 938 fidem
492 873 579 937 dicas
603 873 791 938 catholicam
815 874 847 937 et
862 873 1050 938 catholicam
1067 873 1154 938 dicas
1169 877 1277 940 haere-

141 977 264 1055 aream,
288 977 454 1053 homicida,
479 977 552 1058 quia
576 977 607 1040 et
630 976 815 1058 sanguinem
836 977 1032 1058 persequeris
1055 977 1219 1042 Athanasii
1248 980 1279 1042 et

160 1079 221 1142 iam
243 1079 438 1143 interfeceris
461 1079 581 1143 certum
605 1097 768 1143 numerum
792 1078 843 1142 dei
866 1079 1030 1144 1111101111.
1075 1099 1135 1144 non
1164 1079 1280 1144 stetisti

162 1181 224 1246 sine
249 1180 344 1246 dubio
365 1180 397 1244 in
419 1180 565 1257 ueritate,
589 1180 662 1261 quia
686 1181 730 1245 sis
752 1181 831 1245 haec
854 1199 976 1263 gerens,
1000 1182 1055 1246 sed
1079 1201 1112 1246 es
1133 1184 1218 1248 totus
1247 1183 1279 1246 in

161 1283 322 1348 mendacio
340 1284 540 1360 constitutus,
564 1283 637 1364 quia
661 1283 847 1348 etmenden
870 1284 912 1348 sit
939 1285 1028 1365 pater
1054 1286 1137 1362 tuus,
1167 1286 1220 1366 qui
1246 1286 1278 1350 te

162 1386 244 1468 cogit
268 1385 308 1449 ad
331 1386 457 1449 unicum
479 1385 657 1468 negandum
681 1385 733 1449 dei
756 1384 867 1462 lilium,
891 1386 944 1466 qui
970 1386 1002 1449 te
1017 1386 1140 1468 inpellit
1155 1387 1194 1451 ad
1214 1388 1280 1452 eius

131 1499 151 1538 1⁰
162 1505 321 1552 seruorum
345 1489 565 1554 effundendum
586 1507 739 1552 cruorem.
762 1488 920 1552 noluimus
944 1488 1092 1553 damnare
1108 1491 1279 1566 absentem,

161 1591 314 1656 noluimus
353 1593 520 1657 nocentum
555 1592 636 1656 ferre
676 1591 883 1668 sententiam,
928 1592 1083 1656 noluimus
1123 1593 1279 1657 haeresim

162 1695 317 1776 suscipere
338 1696 437 1772 tuam,
460 1714 499 1758 ne
520 1695 597 1759 facti
619 1695 677 1759 tibi
700 1693 820 1758 similes
842 1712 1034 1759 mereremur
1062 1695 1170 1759 audire
1200 1715 1280 1776 quae

163 1797 292 1862 audiunt
307 1797 470 1863 coerratici
492 1797 541 1862 tui
555 1797 676 1876 ludaei,
692 1797 724 1860 in
741 1815 874 1878 quorum
892 1798 1090 1877 obprobrium
1106 1797 1281 1878 colligimus

161 1919 214 1983 per
235 1901 431 1966 Hieremiam
456 1901 590 1964 dictum:
613 1920 719 1965 omncs
739 1905 844 1982 peries
859 1900 928 1964 sire
942 1901 1179 1964 circumcisione
1194 1904 1279 1978 suat,

129 2009 187 2067 rect
216 2005 321 2068 omnis
348 2005 461 2068 domim
489 2003 595 2068 Israel
624 2003 692 2066 sinc
722 2002 960 2066 circumcisione
987 2004 1062 2066 sunt
1090 2001 1202 2065 cordis.
1247 2019 1281 2066 es

163 2107 255 2188 atque
285 2107 357 2184 eris,
387 2106 500 2169 uisite
531 2105 619 2170 nohis
647 2104 827 2181 tradideris,
857 2104 938 2168 inter
967 2103 1039 2168 illos
1068 2123 1145 2186 quos
1174 2104 1282 2167 contra

162 2208 279 2272 clamat
312 2209 440 2290 spiritns
469 2208 596 2272 sanctus
626 2227 662 2271 er
691 2226 824 2288 persona
853 2207 952 2272 nostri
978 2207 1085 2288 populi
1115 2207 1155 2270 ad
1188 2206 1281 2270 deum

163 2311 286 2376 dicens:
308 2313 381 2391 scio,
404 2311 536 2399 dominc,
560 2312 713 2392 quoniam
738 2331 804 2376 rrorr
832 2316 908 2375 sarri
936 2310 1075 2375 hominis
1102 2311 1177 2374 rcioc
1204 2309 1281 2392 cius,

161 2433 257 2495 acque
278 2414 333 2477 uir
353 2414 450 2478 ibitet
464 2414 594 2496 corripet
609 2413 828 2495 cogitationem
843 2431 947 2476 soom,
978 2413 1051 2477 doce
1072 2430 1131 2476 nos
1144 2412 1281 2487 domine,

129 2515 273 2580 resedire
294 2516 414 2581 iudicio
436 2519 466 2579 ci
486 2535 550 2579 rrorr
572 2516 610 2579 irc
631 2515 694 2594 ira,
718 2535 757 2578 rre
776 2533 896 2595 paucos
917 2533 975 2578 rrcs
1000 2513 1114 2594 facies.
1159 2514 1283 2593 effunde

161 2620 244 2683 iram
273 2624 362 2683 tumre
393 2639 488 2700 super
519 2623 623 2702 pentes
655 2638 736 2699 quoe
761 2618 903 2682 nesciunt
936 2621 964 2681 tc
996 2621 1024 2681 ei
1057 2637 1153 2697 super
1180 2637 1283 2699 repra

162 2742 240 2803 quac
261 2741 374 2786 romcrr
395 2725 486 2785 ioum
507 2741 573 2785 rrorr
595 2722 842 2802 inuocauerunt,
864 2719 942 2800 quia
970 2719 1168 2782 comederunt
1189 2718 1283 2782 Iacob

163 2830 190 2888 ct
211 2829 474 2905 consumpserunt
497 2823 590 2888 illum
612 2828 641 2887 et
659 2842 785 2904 pascuo
807 2821 876 2885 circs
899 2822 1200 2886 exterminatorum.

204 2929 262 2991 Ill.
287 2927 449 3009 conspicis
470 2928 503 2990 te
525 2945 622 2989 unum
645 2944 714 2990 esse
736 2943 773 2989 en
795 2924 869 3000 illis,
899 2924 1009 2988 contra
1030 2941 1108 3004 quos
1132 2923 1209 2986 dicit
1231 2922 1284 2986 dei

130 3030 290 3111 rospiritus
314 3048 351 3093 ex
372 3047 506 3110 persona
519 3028 626 3110 populi
643 3028 749 3093 nostri.
787 3027 926 3109 respicis,
951 3026 1058 3090 uisite
1081 3026 1282 3101 conuertens,

165 3132 247 3214 quod
275 3132 324 3196 ira
352 3131 469 3196 domini
497 3131 584 3195 inte
608 3130 826 3212 alienigenam,
856 3129 887 3193 in
915 3131 948 3194 te
969 3147 1087 3212 regem,
1122 3131 1195 3212 quia
1223 3149 1285 3194 non

165 3235 264 3298 solum
286 3253 348 3299 non
369 3233 567 3299 inuocaueris
589 3252 702 3298 nomen
725 3233 852 3310 domini,
881 3233 938 3296 sed
967 3232 1068 3297 adhuc
1096 3232 1193 3297 fueris
1215 3249 1284 3313 per-

165 3338 302 3415 secutus,
327 3337 369 3401 sit
383 3339 525 3401 uentura
542 3355 615 3401 nam
631 3338 749 3400 etcum
768 3336 859 3400 dicit:
882 3338 961 3417 quic
976 3336 1174 3401 comederant
1187 3333 1283 3398 Iacob

165 3445 192 3503 ci
212 3445 474 3521 consumpserunt
495 3461 566 3504 cum
587 3445 616 3504 ct
624 3459 752 3520 pascua
769 3439 837 3504 cius
851 3438 1081 3516 cesolaoerunc,
1106 3436 1175 3518 quis
1190 3453 1283 3515 repe-

134 3542 217 3605 eriri
238 3542 344 3624 potest
366 3560 435 3606 esse
456 3542 538 3605 inter
560 3542 765 3625 contyrannos
786 3543 858 3606 tuos
881 3541 1024 3623 princeps
1040 3539 1131 3604 huius
1146 3554 1284 3620 pascuae

167 3645 385 3710 exterminator
407 3644 467 3708 nisi
488 3644 533 3719 tu,
553 3645 645 3728 <qni>
664 3645 792 3725 quidem
814 3662 870 3707 nec
893 3643 1041 3707 laniando
1057 3641 1107 3706 dei
1123 3639 1283 3704 destiteris

267 3831 298 3883 14
316 3830 391 3892 Hier.
407 3831 432 3892 9,
450 3829 484 3883 26
555 3828 640 3883 18111.
660 3829 702 3890 10,
721 3828 823 3881 23-25
891 3827 978 3882 1811,
998 3827 1039 3891 10,
1058 3828 1091 3881 25

213 4003 326 4100 {quio
437 3973 582 4055 sabinens
607 4005 627 4069 (‘
644 4019 678 4055 m.
700 4003 779 4068 rec),
803 3999 945 4054 obieeriso
1056 4000 1073 4051 5
1098 3998 1219 4052 athanasi

169 4103 196 4156 11
213 4107 354 4160 nocentum
376 4105 453 4171 (hm.
478 4106 542 4170 rec.)
566 4105 596 4171 V,
619 4105 648 4156 in
664 4103 832 4156 innocentem
855 4103 926 4156 cerri.
950 4102 1040 4156 Titius
1144 4101 1176 4154 15
1200 4117 1288 4155 omnes

169 4188 294 4244 Sohctier
396 4189 430 4242 23
447 4190 645 4242 consumserunt
742 4187 986 4256 exterminauerunt]
1006 4186 1190 4242 desolauerunt
1207 4186 1288 4252 infra

170 4272 283 4341 Lucifer
392 4275 426 4328 29
449 4276 573 4344 repperiri
680 4273 712 4326 31
738 4274 782 4343 qui
806 4271 910 4342 quidem
928 4274 1044 4342 scripsi,
1069 4273 1172 4343 quidem
1196 4273 1240 4341 qui
1263 4289 1288 4334 o,

171 4360 270 4424 quidem
292 4362 318 4415 V
