2850 4754
216 361 278 424 246
704 359 851 413 Luciferi

215 572 338 616 omuem
366 552 634 633 comprecatiouem
659 551 800 632 tiliorum
822 551 927 615 Israel
948 556 977 614 et
999 552 1213 616 miserantia
1235 571 1337 619 carce-³

216 674 290 732 rem,
313 659 348 718 ut
370 674 421 718 eos
443 654 639 718 adducerent.
667 657 822 718 uoueruut
845 658 949 718 autom
971 655 1125 729 ministri,
1148 659 1177 718 et
1198 674 1267 719 uou
1288 656 1336 718 iu-

216 761 371 822 ueueruut
386 756 458 821 iilos
472 758 510 820 iu
524 776 688 832 carcerem,
710 761 737 819 et
753 757 884 840 repressi
906 761 1173 822 reuuutiaueruut
1188 755 1339 823 dicamas:

217 861 367 942 quom‘cm
389 880 544 924 carcerem
566 859 691 940 quidem
714 859 858 924 clausum
879 860 1064 923 iuuem'mus
1085 859 1124 923 iu
1145 860 1235 924 omui
1264 858 1338 924 ddi-

216 965 324 1046 eeutia
338 967 366 1027 et
381 963 520 1027 custodes
534 966 652 1026 stautes
673 962 710 1025 iu
732 963 852 1041 Iouam·
874 983 945 1028 cum
966 962 1202 1043 aperuissemus
1225 968 1338 1043 autem,
1360 976 1370 1016 ⁶

218 1067 372 1131 uemr'uem
395 1068 483 1130 iutus
505 1066 695 1129 iuueuimus.
727 1069 763 1128 ut
785 1069 889 1129 autem
912 1066 1088 1134 audieruut
1108 1065 1164 1130 Itos
1186 1085 1341 1132 sermomcs

212 1170 379 1252 principes
410 1173 437 1232 et
462 1167 609 1249 pomifero
637 1167 848 1248 sacerdotum,
882 1167 1081 1233 haesitabam
1103 1169 1140 1233 de
1170 1168 1240 1234 dtis
1267 1169 1341 1251 quid

218 1271 300 1337 itiud
315 1277 398 1336 essct.
422 1271 594 1336 adueuieus
616 1274 722 1334 cutem
745 1270 876 1352 quidam
898 1271 1099 1335 reuuutiouit
1121 1271 1194 1336 iliis
1216 1272 1342 1337 dicem:
1365 1276 1367 1283 '

218 1395 283 1440 ecce
304 1375 371 1438 uiri
393 1394 467 1456 quos
485 1373 637 1454 posuistis
659 1373 696 1436 iu
719 1374 861 1438 custodia
882 1375 920 1437 iu
942 1373 1056 1455 tempta
1077 1379 1154 1438 suut
1175 1379 1297 1445 stamas
1315 1380 1342 1440 et

220 1479 360 1542 demutas
387 1477 549 1557 poputum.
590 1480 663 1540 tuuc
686 1475 766 1540 abiit
785 1476 937 1557 princeps
960 1497 1030 1541 cum
1052 1478 1212 1542 ministris
1234 1483 1266 1543 et
1286 1476 1345 1543 aa
1353 1488 1372 1530 1⁰

221 1580 313 1645 duait
333 1579 420 1661 ilias,
443 1600 508 1643 uou
531 1599 602 1643 cum
623 1580 659 1642 ui
666 1597 679 1658 ;
713 1579 862 1644 tiruebuut
883 1579 997 1644 eteuim
1013 1580 1171 1663 poputum
1193 1601 1234 1647 ue
1257 1582 1341 1663 Iapi-

220 1683 383 1746 dareutur.
406 1701 475 1745 cum
492 1685 597 1744 autem
613 1681 821 1745 adduxissent
836 1701 894 1761 eos,
917 1686 1096 1746 statuerumt
1110 1682 1148 1747 iu
1163 1683 1341 1764 comitium,

219 1790 247 1848 et
268 1785 477 1866 iaterrapauit
499 1803 549 1848 cos
570 1784 716 1848 sacerdos
742 1784 869 1848 diceus:
902 1784 1141 1848 deuuutioto'ouc
1169 1784 1343 1850 deuuutia-

221 1888 327 1951 aimus
360 1887 447 1951 uobis
476 1909 515 1951 ue
545 1887 691 1951 doceretis
720 1888 758 1951 iu
787 1886 842 1951 imo
871 1888 1014 1964 uomiue,
1050 1892 1077 1950 et
1107 1905 1172 1951 ecce
1200 1887 1344 1969 replestis

220 1990 422 2056 Hierusalem
444 1992 589 2056 doctriua
610 1995 716 2054 uestra
739 1994 768 2054 et
790 1990 891 2054 uultis
912 1990 1059 2054 iuducere
1080 2009 1177 2071 super
1192 2010 1252 2055 uos
1267 2005 1372 2055 sau-1⁵

219 2095 348 2175 auiuem
374 2092 513 2158 homimis
541 2093 639 2158 titius.
678 2095 869 2175 respondeus
891 2098 997 2158 autem
1020 2093 1134 2158 Petrus
1156 2098 1185 2157 et
1208 2094 1344 2175 apostati

220 2197 371 2261 diceutes.-
396 2200 505 2259 utrum
528 2197 666 2260 oboedire
687 2201 805 2277 oportet
825 2197 880 2260 deo
903 2217 948 2260 au
970 2194 1175 2260 homiuibus?
1198 2195 1344 2279 eiigitur

222 2299 280 2362 deo
305 2298 352 2362 est
375 2295 603 2363 oboediendum
628 2300 740 2364 einen
763 2299 950 2375 haminibus,
974 2317 1029 2362 cur
1050 2316 1107 2362 nas
1130 2298 1344 2375 contumaces,

221 2420 277 2465 cur
299 2419 356 2465 nos
377 2401 547 2465 iniuriosus*
564 2392 671 2480 uocas,
696 2421 774 2484 quos
788 2400 899 2466 uideas
916 2401 966 2466 dei
983 2401 1129 2465 oboedire
1144 2403 1344 2484 praeceptis?

222 2505 385 2593 audieutes
407 2509 512 2569 autem
533 2504 608 2569 tam
629 2505 813 2590 fremebant,
838 2505 916 2569 dicit
931 2505 1095 2586 scripture,
1119 2509 1149 2568 et
1163 2505 1375 2586 copitabaut¹⁰

222 2628 271 2672 eos
294 2608 437 2674 occidere.
473 2607 519 2672 ita
542 2610 574 2674 et
594 2610 629 2673 iu
651 2609 767 2674 retines
789 2626 846 2672 nas
867 2607 899 2671 in
922 2608 1091 2685 custodias,
1115 2607 1273 2674 minitaris
1295 2609 1344 2673 in-

221 2710 380 2787 terficere,
409 2711 482 2793 quia
504 2712 547 2775 sis
571 2730 607 2776 eo
631 2713 777 2776 obsessus
801 2711 994 2793 spirituque
1017 2710 1102 2792 capti
1125 2709 1345 2776 detinebantur

223 2812 334 2876 Iudaei
364 2813 457 2895 atque
488 2813 673 2878 detinentur.
713 2814 740 2879 si
769 2832 829 2878 non
858 2833 894 2878 ea
922 2813 1033 2895 captus
1059 2812 1210 2877 inmunde
1235 2814 1346 2896 spIritu
1403 2877 1405 2880 Α

224 2915 389 2991 detineris,
424 2935 480 2981 cur
508 2935 564 2980 nes
592 2917 738 2998 prohibes
766 2916 908 2980 confiteri
937 2935 972 2979 aa
1001 2915 1185 2998 praedicare
1220 2916 1347 2981 unicum

224 3017 275 3084 dei
301 3019 423 3083 filium?
463 3020 593 3102 angelus
623 3019 673 3083 dei
702 3019 877 3102 producens
906 3019 1063 3102 apostolos
1092 3037 1128 3083 ex
1157 3017 1379 3084 ludaeorume

223 3121 519 3204 condesperatorum
541 3123 667 3188 tuarum
689 3141 833 3187 earcere:
856 3124 908 3198 ite,
931 3123 1033 3187 docete
1057 3123 1092 3186 iu
1115 3121 1233 3201 tempto
1250 3122 1347 3187 uerba

225 3225 311 3290 uitae
333 3226 445 3306 tutus;
472 3225 504 3290 et
525 3226 560 3289 tu
582 3226 698 3291 tollens
721 3225 902 3291 sacerdotes
926 3224 964 3289 de
988 3224 1124 3290 ecelesia
1146 3223 1197 3288 dei
1219 3223 1252 3288 in
1276 3243 1347 3288 car-

226 3348 330 3394 cerem
353 3329 532 3394 coiciendas
554 3330 682 3412 putasti,
705 3348 744 3393 ne
766 3327 1021 3410 praedicaremus
1043 3328 1175 3392 uerbum
1197 3323 1295 3391 uitae.
1329 3414 1332 3419 ἡ

267 3433 384 3497 XVIII.
409 3432 534 3497 Interea
557 3450 609 3496 oro
631 3433 664 3496 ie
686 3431 887 3514 respondeas,
912 3429 987 3512 quid
1010 3428 1052 3495 sit
1073 3430 1155 3494 inter
1171 3429 1205 3493 te
1225 3430 1257 3494 et
1272 3448 1347 3495 cen-

227 3537 381 3601 scotinum
402 3537 508 3613 tuum,
544 3555 638 3618 quem
660 3553 751 3600 uerso
780 3533 887 3600 ordine
911 3532 1098 3599 Sirmienses
1125 3533 1242 3597 uocant
1264 3532 1383 3598 Pho-u

225 3638 350 3704 tinum?
384 3639 459 3722 quid
480 3638 613 3715 intersit,
638 3636 714 3719 quid
738 3635 834 3701 distet
856 3635 976 3718 regaris
1000 3633 1185 3716 distinguas.
1224 3651 1301 3698 eece
1325 3632 1351 3698 si

328 3879 362 3931 20
379 3879 437 3933 Aac.
458 3880 481 3940 5,
501 3877 534 3929 33
604 3875 637 3928 26
655 3876 692 3928 ib.
711 3876 736 3942 5,
755 3875 787 3928 90

280 4103 296 4155 3
315 4117 417 4155 carcere
435 4118 451 4154 o
521 4101 535 4151 7
554 4097 683 4167 principer
701 4095 830 4165 principes
849 4112 882 4148 m.
899 4099 915 4149 1
987 4092 1020 4145 12
1037 4094 1189 4145 statuerunt
1207 4108 1252 4145 eas
1270 4109 1287 4146 a

227 4189 259 4241 15
278 4188 425 4241 doctrinam
442 4203 475 4239 m.
489 4191 503 4238 1
575 4185 606 4239 17
620 4182 740 4237 dixerunt
755 4181 927 4236 Gattuudius
997 4178 1091 4232 leuci
1109 4193 1131 4232 s.
1151 4177 1167 4230 t.
1186 4193 1220 4230 m.
1233 4177 1283 4233 ait.

226 4276 258 4328 21
283 4271 440 4327 ministraris
509 4271 542 4323 26
560 4270 597 4322 ite
615 4269 701 4337 iuquit
713 4268 780 4334 fort.
851 4264 884 4318 30
903 4265 1115 4333 Smyrniensesc
1184 4261 1299 4316 fotinum
1354 4286 1370 4340 Δ·
