2850 4754
142 357 208 423 310
627 360 778 414 Luciferi

144 547 170 610 si
199 547 337 629 ipsorum
364 549 584 631 suppliciorum
614 554 685 615 ante
713 552 821 615 oculos
845 553 1036 633 proponatur
1055 553 1169 634 gloria.
1204 570 1258 613 nec

144 649 225 712 enim
247 650 280 713 id
303 652 386 732 quod
406 652 527 716 lacerat
548 654 780 729 consideratur,
809 655 863 717 nbi
888 673 1008 735 poenae
1029 673 1153 717 merres
1173 656 1259 716 tanta

142 753 327 833 praestetur.
365 754 564 818 mercedibus
585 757 872 838 incorruptibilitas
892 760 964 822 tua.
988 756 1169 821 constuisti.
1193 757 1259 817 tor-

141 858 248 920 menta
269 858 436 921 uincuntur
459 861 491 922 et
512 861 670 924 cruciatus
693 863 853 927 obteritur.
875 881 961 926 mors
983 861 1150 940 subigitur,
1181 876 1259 938 qnae

142 977 212 1022 oum
234 960 394 1036 inferatur,
416 962 519 1044 magis
532 965 600 1026 nita
614 967 785 1046 reparatur.
810 965 961 1029 dolerent
984 962 1166 1043 imperator.
1188 960 1287 1022 ubl-⁵

142 1080 216 1124 nera
237 1080 293 1144 per
314 1068 347 1125 te
368 1063 496 1139 inflicta,
528 1066 554 1127 si
578 1067 685 1129 statim
708 1085 766 1130 non
797 1066 848 1129 dei
871 1067 988 1129 amictu
1018 1062 1198 1135 efficerent;
1225 1081 1259 1124 ac

141 1183 213 1228 oum
234 1167 308 1228 tunc
333 1185 405 1229 uere
429 1168 568 1233 uicturos
590 1189 646 1232 nos
667 1189 913 1252 praesumamus,
936 1169 962 1230 si
979 1167 1045 1229 ate
1060 1167 1190 1247 propter
1211 1165 1260 1228 dei

140 1267 316 1349 plectamur
337 1268 448 1335 lilium.
470 1272 545 1333 tnnc
568 1271 645 1334 nihil
667 1272 780 1336 salutis
802 1271 979 1337 amissuros.
1015 1269 1069 1349 qui
1091 1267 1162 1331 lieri
1189 1270 1259 1349 pot-

142 1371 190 1432 est
217 1371 252 1431 ut
278 1371 342 1434 tuis
364 1372 507 1435 inanrbus
535 1373 684 1436 cedamus
712 1371 928 1435 frendoribus?
958 1371 1014 1433 tuo
1036 1389 1095 1434 nos
1120 1371 1258 1451 potuisse

142 1490 178 1534 ac
201 1490 292 1553 posse
315 1473 422 1554 uigore
444 1474 547 1556 subigi
576 1493 610 1536 es
638 1473 806 1536 arbitratus
839 1472 871 1534 et
899 1471 994 1534 credo
1017 1471 1122 1534 adhue
1144 1472 1289 1537 frustras

143 1575 309 1639 arbitreris.
333 1596 494 1659 quousque
515 1577 644 1665 tandem
666 1575 804 1638 abuteris
828 1574 878 1637 dei
893 1575 1056 1655 patientia,
1073 1574 1258 1639 Constanti?

142 1676 214 1758 quin
241 1678 337 1743 immo
366 1680 483 1756 hortor,
512 1679 589 1741 haec
612 1676 733 1758 pellens
756 1694 792 1738 er
819 1675 993 1739 tenebrosis
1023 1677 1170 1742 sensibus
1197 1679 1257 1742 tuis

140 1778 211 1844 illas
233 1781 353 1847 insulsa
374 1802 462 1847 mens
483 1783 539 1844 tua
560 1781 692 1862 recipiat
712 1780 949 1857 meditationes,
980 1800 1062 1861 quae
1084 1783 1119 1845 te
1142 1784 1258 1864 possint

139 1883 170 1945 in
199 1884 282 1948 uiam
317 1887 471 1960 statuere,
501 1902 581 1966 quae
604 1883 721 1946 ducant
743 1882 783 1944 ad
807 1882 857 1945 dei
879 1901 1020 1964 regnum
1060 1884 1257 1966 adprehende

141 1988 312 2051 amoeniter
334 1988 416 2070 qnod
437 1989 469 2049 te
493 1986 589 2049 ducat
611 1986 650 2048 ad
674 1986 852 2048 conuiuium
876 1985 1021 2049 Abrahae
1044 1988 1137 2050 Isaac
1161 1989 1193 2051 et
1207 1990 1256 2051 Ia·
1266 2003 1285 2043 1⁵

139 2090 206 2165 cob,
232 2090 281 2153 dei
298 2090 476 2152 amicorum.
499 2087 603 2168 tuqui
621 2086 827 2151 aususfneris
849 2088 941 2151 homo
963 2088 1063 2152 totius
1086 2090 1255 2155 iniustitiae

138 2193 254 2256 iustum
269 2194 301 2255 te
317 2192 493 2266 aestimare,
513 2191 655 2254 omnibus
670 2191 703 2252 te
719 2209 911 2271 praeponens
928 2191 978 2255 dei
994 2192 1115 2257 iudicio
1132 2196 1255 2258 sanotae

139 2293 291 2357 ecclesiae
313 2293 492 2357 constitutis
516 2292 669 2373 episcopis
691 2290 849 2372 fidemque
866 2294 1009 2356 sanctam
1025 2313 1122 2374 quam
1138 2315 1255 2379 semper

137 2397 238 2460 tenuit
261 2415 296 2459 ao
319 2397 407 2460 tenet
430 2392 565 2459 ecclesia
586 2395 772 2476 reprobans,
800 2393 896 2458 fueris
919 2396 1005 2459 nisus
1028 2397 1255 2479 blasphemiam

137 2500 340 2579 consacrilegi
367 2499 415 2561 tui
437 2498 520 2562 Arrii
543 2517 595 2561 ore
622 2497 776 2579 prolatam
806 2516 885 2560 nune
914 2517 969 2579 per
998 2499 1157 2565 satellites
1178 2504 1282 2577 tuosu

137 2622 216 2666 nnnc
246 2602 348 2666 edicto
375 2604 445 2678 tuo,
479 2619 559 2665 nuno
594 2600 753 2681 spiritibus
785 2599 944 2664 inmundis
972 2603 1092 2666 referso
1124 2624 1177 2669 ore
1204 2607 1253 2669 tno

135 2705 326 2788 praedicare,
350 2705 383 2768 et
403 2705 452 2768 uis
474 2705 506 2767 te
520 2703 693 2785 perfeetum
716 2702 869 2766 cultorem
893 2704 943 2767 dei
967 2707 999 2768 et
1022 2709 1128 2770 omnia
1152 2709 1252 2772 sancte

137 2810 280 2892 agentem
304 2808 459 2884 uocitare,
494 2825 565 2869 cnm
590 2805 690 2868 adhuc
713 2806 868 2885 teneque
891 2807 1048 2871 crudelior
1074 2830 1178 2892 neque
1201 2811 1251 2874 de·

134 2910 309 2974 testabilior
344 2927 444 2990 neque
477 2909 508 2971 in
537 2907 739 2988 blasphemiis
771 2907 871 2971 maior
905 2927 1056 2989 umquam
1091 2913 1251 2994 quisquam

136 3033 240 3078 eorum
263 3031 373 3094 regum
396 3012 450 3093 qui
471 3010 592 3094 tyranni
615 3010 832 3091 nuncupantur
854 3011 950 3075 luisse
966 3013 1151 3093 reperiatur.
1178 3031 1280 3097 quaes

133 3120 180 3181 ita
202 3136 235 3181 se
258 3116 373 3179 babere
396 3115 426 3177 in
450 3114 529 3177 libro
546 3113 598 3194 qui
614 3113 760 3176 titulatur
782 3115 818 3176 de
832 3116 956 3196 repobus
973 3120 1162 3196 apostaticis
1185 3119 1251 3201 quia

133 3223 195 3284 iam
221 3219 325 3300 aperui
347 3220 422 3280 tuae
444 3215 670 3298 inprudentiae,
695 3235 773 3279 nuno
796 3217 876 3279 illud
897 3218 929 3281 te
954 3219 1034 3281 scire
1057 3222 1142 3298 uolo,
1174 3223 1249 3303 quia,

133 3323 191 3388 nisi
214 3323 246 3385 te
268 3321 391 3383 mature
414 3319 621 3396 conuerteris,
656 3319 715 3382 uisi
739 3319 925 3397 credideris,
959 3321 994 3382 ut
1017 3341 1091 3400 nos,
1129 3325 1250 3388 unicum

132 3427 231 3490 filium
262 3422 312 3486 dei
342 3441 464 3503 semper
494 3440 565 3484 enm
596 3423 684 3502 patre
713 3440 863 3502 regnasse
895 3423 926 3485 et
955 3443 1128 3505 numquam
1160 3427 1249 3490 luisse

132 3532 253 3610 patrem
284 3527 349 3592 sine
380 3524 461 3600 filio,
498 3543 591 3586 unum
622 3523 715 3587 etiam
747 3542 814 3586 esse
841 3542 972 3606 regnum
995 3527 1094 3606 patris
1119 3531 1152 3592 et
1173 3527 1279 3594 unicis

452 3795 465 3821 ll

183 3834 290 3887 loculo
359 3833 507 3886 tuincitur
582 3834 657 3901 6ac]
678 3833 733 3888 ,At
751 3833 820 3886 coui.
839 3832 976 3885 Latinius
1056 3834 1154 3903 8qnei
1176 3836 1249 3902 Gall,

132 3922 192 3990 quin
214 3920 261 3981 Vo,
291 3917 367 3983 quine
391 3919 481 3986 fort.;·
500 3920 534 3984 cf.
554 3936 584 3987 p.
607 3923 669 3986 291,
692 3924 725 3972 31
830 3919 860 3970 11
880 3918 1022 3996 Ιατὶἡῒῐεπίε
1047 3928 1189 3988 exspectes

132 4006 271 4058 13111av
346 4002 378 4054 14
396 4003 527 4060 ducante
606 4006 638 4058 15
656 4006 783 4059 ameniter
860 4005 891 4056 21
911 4004 1040 4056 referteo
1120 4006 1154 4058 22
1172 4008 1211 4059 uis
1227 4008 1250 4057 te

131 4090 242 4159 scripsi,
262 4087 330 4138 iuste
347 4089 393 4154 Vo,
412 4090 466 4142 iure
484 4092 512 4144 te
530 4092 599 4144 coni.
622 4091 693 4146 Gall.
763 4091 869 4142 sanctae
939 4089 971 4140 23
985 4089 1065 4142 athue
1136 4092 1171 4143 24
1187 4091 1248 4144 blas·

130 4176 229 4243 phemis
245 4173 293 4232 Vn,
308 4187 355 4223 em.
372 4173 443 4227 Gall.
511 4177 594 4229 maior
610 4192 732 4244 umquam
744 4176 855 4243 scripsi,
873 4175 1000 4226 maiorum
1013 4190 1091 4242 quam
1109 4178 1156 4244 Vo,
1175 4177 1249 4230 maior

132 4277 208 4329 quam
229 4255 301 4310 Gall.
370 4258 403 4308 25
420 4261 582 4327 repperiatur
649 4261 682 4314 27
700 4261 760 4313 illut
