<?xml version="1.0" encoding="UTF-8"?>
<!DOCTYPE html PUBLIC "-//W3C//DTD XHTML 1.0 Transitional//EN"
    "http://www.w3.org/TR/xhtml1/DTD/xhtml1-transitional.dtd">
<html xmlns="http://www.w3.org/1999/xhtml" xml:lang="en" lang="en">
 <head>
  <title>
</title>
<meta http-equiv="Content-Type" content="text/html;charset=utf-8" />
  <meta name='ocr-system' content='tesseract 3.04.00' />
  <meta name='ocr-capabilities' content='ocr_page ocr_carea ocr_par ocr_line ocrx_word'/>
</head>
<body>
  <div class='ocr_page' id='page_1' title='image "./lucifericalarit00lucigoog_0310.png"; bbox 0 0 2850 4754; ppageno 0'>
   <div class='ocr_carea' id='block_1_1' title="bbox 397 393 1283 467">
    <p class='ocr_par' dir='ltr' id='par_1_1' title="bbox 397 393 1283 467">
     <span class='ocr_line' id='line_1_1' title="bbox 397 393 1283 467; baseline 0.001 -19"><span class='ocrx_word' id='word_1_1' title='bbox 397 393 439 449; x_wconf 86' lang='lat' dir='ltr'>De</span> <span class='ocrx_word' id='word_1_2' title='bbox 457 409 510 449; x_wconf 90' lang='lat' dir='ltr'>non</span> <span class='ocrx_word' id='word_1_3' title='bbox 527 394 657 464; x_wconf 76' lang='lat' dir='ltr'>parcendo</span> <span class='ocrx_word' id='word_1_4' title='bbox 675 395 703 451; x_wconf 94' lang='lat' dir='ltr'>in</span> <span class='ocrx_word' id='word_1_5' title='bbox 722 394 799 450; x_wconf 87' lang='lat' dir='ltr'>deum</span> <span class='ocrx_word' id='word_1_6' title='bbox 819 394 1040 464; x_wconf 76' lang='lat' dir='ltr'><strong>delinquentibus.</strong></span> <span class='ocrx_word' id='word_1_7' title='bbox 1220 397 1283 467; x_wconf 68' lang='lat'>257</span> 
     </span>
    </p>
   </div>
   <div class='ocr_carea' id='block_1_2' title="bbox 126 580 1285 3551">
    <p class='ocr_par' dir='ltr' id='par_1_2' title="bbox 126 580 1285 3551">
     <span class='ocr_line' id='line_1_2' title="bbox 166 580 1284 666; baseline 0.005 -20"><span class='ocrx_word' id='word_1_8' title='bbox 166 599 215 647; x_wconf 87' lang='lat' dir='ltr'>ore</span> <span class='ocrx_word' id='word_1_9' title='bbox 235 581 407 666; x_wconf 76' lang='lat' dir='ltr'>prophetae</span> <span class='ocrx_word' id='word_1_10' title='bbox 429 580 548 647; x_wconf 87' lang='lat' dir='ltr'>futuros</span> <span class='ocrx_word' id='word_1_11' title='bbox 569 584 711 665; x_wconf 84' lang='lat' dir='ltr'>pastores</span> <span class='ocrx_word' id='word_1_12' title='bbox 733 583 824 666; x_wconf 79' lang='lat' dir='ltr'>gregi</span> <span class='ocrx_word' id='word_1_13' title='bbox 839 602 894 648; x_wconf 91' lang='lat' dir='ltr'>suo</span> <span class='ocrx_word' id='word_1_14' title='bbox 911 582 1033 651; x_wconf 76' lang='lat' dir='ltr'>dicem:</span> <span class='ocrx_word' id='word_1_15' title='bbox 1056 589 1085 649; x_wconf 91' lang='lat' dir='ltr'>et</span> <span class='ocrx_word' id='word_1_16' title='bbox 1100 585 1179 650; x_wconf 83' lang='lat' dir='ltr'>dabo</span> <span class='ocrx_word' id='word_1_17' title='bbox 1194 586 1284 652; x_wconf 82' lang='lat' dir='ltr'>nobis</span> 
     </span>
     <span class='ocr_line' id='line_1_3' title="bbox 161 684 1284 768; baseline 0.004 -19"><span class='ocrx_word' id='word_1_18' title='bbox 161 687 302 766; x_wconf 79' lang='lat' dir='ltr'>pastores</span> <span class='ocrx_word' id='word_1_19' title='bbox 328 684 498 750; x_wconf 82' lang='lat' dir='ltr'>secundnm</span> <span class='ocrx_word' id='word_1_20' title='bbox 520 703 572 751; x_wconf 89' lang='lat' dir='ltr'>eor</span> <span class='ocrx_word' id='word_1_21' title='bbox 593 705 711 764; x_wconf 87' lang='lat' dir='ltr'>menm,</span> <span class='ocrx_word' id='word_1_22' title='bbox 744 690 773 750; x_wconf 86' lang='lat' dir='ltr'>et</span> <span class='ocrx_word' id='word_1_23' title='bbox 797 689 932 767; x_wconf 77' lang='lat' dir='ltr'>pascent</span> <span class='ocrx_word' id='word_1_24' title='bbox 951 705 1007 750; x_wconf 89' lang='lat' dir='ltr'>nos</span> <span class='ocrx_word' id='word_1_25' title='bbox 1023 692 1189 768; x_wconf 82' lang='lat' dir='ltr'>pascentes</span> <span class='ocrx_word' id='word_1_26' title='bbox 1210 707 1284 753; x_wconf 87' lang='lat' dir='ltr'>enm</span> 
     </span>
     <span class='ocr_line' id='line_1_4' title="bbox 164 786 1283 873; baseline 0.004 -21"><span class='ocrx_word' id='word_1_27' title='bbox 164 787 352 869; x_wconf 76' lang='lat' dir='ltr'>disciplina,</span> <span class='ocrx_word' id='word_1_28' title='bbox 383 787 491 854; x_wconf 84' lang='lat' dir='ltr'>tacere</span> <span class='ocrx_word' id='word_1_29' title='bbox 520 786 684 866; x_wconf 80' lang='lat' dir='ltr'>docuerat,</span> <span class='ocrx_word' id='word_1_30' title='bbox 718 806 757 852; x_wconf 88' lang='lat' dir='ltr'>ue</span> <span class='ocrx_word' id='word_1_31' title='bbox 784 787 843 853; x_wconf 90' lang='lat' dir='ltr'>tibi</span> <span class='ocrx_word' id='word_1_32' title='bbox 874 787 915 852; x_wconf 83' lang='lat' dir='ltr'>ud</span> <span class='ocrx_word' id='word_1_33' title='bbox 935 788 1121 854; x_wconf 78' lang='lat' dir='ltr'>mactandus</span> <span class='ocrx_word' id='word_1_34' title='bbox 1144 790 1283 873; x_wconf 81' lang='lat' dir='ltr'>uenienti</span> 
     </span>
     <span class='ocr_line' id='line_1_5' title="bbox 163 889 1282 973; baseline 0.004 -20"><span class='ocrx_word' id='word_1_35' title='bbox 163 889 271 956; x_wconf 81' lang='lat' dir='ltr'>rabido</span> <span class='ocrx_word' id='word_1_36' title='bbox 291 891 366 973; x_wconf 83' lang='lat' dir='ltr'>lupo</span> <span class='ocrx_word' id='word_1_37' title='bbox 390 889 441 957; x_wconf 86' lang='lat' dir='ltr'>dei</span> <span class='ocrx_word' id='word_1_38' title='bbox 463 909 538 956; x_wconf 90' lang='lat' dir='ltr'>oues</span> <span class='ocrx_word' id='word_1_39' title='bbox 562 891 727 956; x_wconf 81' lang='lat' dir='ltr'>fuissemus</span> <span class='ocrx_word' id='word_1_40' title='bbox 750 889 810 956; x_wconf 90' lang='lat' dir='ltr'>uisi</span> <span class='ocrx_word' id='word_1_41' title='bbox 830 890 1022 958; x_wconf 76' lang='lat' dir='ltr'>insolentes?</span> <span class='ocrx_word' id='word_1_42' title='bbox 1044 892 1157 956; x_wconf 89' lang='lat' dir='ltr'>mulier</span> <span class='ocrx_word' id='word_1_43' title='bbox 1173 911 1209 957; x_wconf 88' lang='lat' dir='ltr'>eo</span> <span class='ocrx_word' id='word_1_44' title='bbox 1226 912 1282 958; x_wconf 86' lang='lat' dir='ltr'>us-</span> 
     </span>
     <span class='ocr_line' id='line_1_6' title="bbox 138 993 1282 1076; baseline -0.001 -16"><span class='ocrx_word' id='word_1_45' title='bbox 138 1008 222 1076; x_wconf 79' lang='lat' dir='ltr'>⁵que</span> <span class='ocrx_word' id='word_1_46' title='bbox 254 994 353 1059; x_wconf 83' lang='lat' dir='ltr'>corde</span> <span class='ocrx_word' id='word_1_47' title='bbox 383 993 525 1060; x_wconf 77' lang='lat' dir='ltr'>incendit</span> <span class='ocrx_word' id='word_1_48' title='bbox 558 995 608 1059; x_wconf 92' lang='lat' dir='ltr'>dei</span> <span class='ocrx_word' id='word_1_49' title='bbox 640 1013 744 1059; x_wconf 76' lang='lat' dir='ltr'>amoro</span> <span class='ocrx_word' id='word_1_50' title='bbox 776 994 927 1072; x_wconf 81' lang='lat' dir='ltr'>filiorum,</span> <span class='ocrx_word' id='word_1_51' title='bbox 962 995 1126 1060; x_wconf 87' lang='lat' dir='ltr'>uteorum</span> <span class='ocrx_word' id='word_1_52' title='bbox 1152 995 1282 1061; x_wconf 84' lang='lat' dir='ltr'>interitu</span> 
     </span>
     <span class='ocr_line' id='line_1_7' title="bbox 163 1096 1282 1181; baseline 0.001 -18"><span class='ocrx_word' id='word_1_53' title='bbox 163 1096 259 1180; x_wconf 83' lang='lat' dir='ltr'>gladii</span> <span class='ocrx_word' id='word_1_54' title='bbox 282 1097 394 1165; x_wconf 85' lang='lat' dir='ltr'>fuisset</span> <span class='ocrx_word' id='word_1_55' title='bbox 414 1098 514 1181; x_wconf 86' lang='lat' dir='ltr'>potita</span> <span class='ocrx_word' id='word_1_56' title='bbox 536 1098 755 1172; x_wconf 67' lang='lat' dir='ltr'>uictoriarum</span> <span class='ocrx_word' id='word_1_57' title='bbox 779 1098 812 1162; x_wconf 90' lang='lat' dir='ltr'>et</span> <span class='ocrx_word' id='word_1_58' title='bbox 829 1117 885 1163; x_wconf 90' lang='lat' dir='ltr'>nos</span> <span class='ocrx_word' id='word_1_59' title='bbox 904 1097 1022 1164; x_wconf 78' lang='lat' dir='ltr'>Christi</span> <span class='ocrx_word' id='word_1_60' title='bbox 1044 1098 1148 1163; x_wconf 86' lang='lat' dir='ltr'>dicero</span> <span class='ocrx_word' id='word_1_61' title='bbox 1170 1099 1282 1165; x_wconf 86' lang='lat' dir='ltr'>militi-</span> 
     </span>
     <span class='ocr_line' id='line_1_8' title="bbox 162 1201 1284 1284; baseline 0 -18"><span class='ocrx_word' id='word_1_62' title='bbox 162 1202 220 1266; x_wconf 86' lang='lat' dir='ltr'>bus</span> <span class='ocrx_word' id='word_1_63' title='bbox 234 1201 334 1267; x_wconf 83' lang='lat' dir='ltr'>fuisse</span> <span class='ocrx_word' id='word_1_64' title='bbox 348 1219 519 1284; x_wconf 77' lang='lat' dir='ltr'>congruum</span> <span class='ocrx_word' id='word_1_65' title='bbox 536 1202 705 1267; x_wconf 82' lang='lat' dir='ltr'>arbitratus</span> <span class='ocrx_word' id='word_1_66' title='bbox 724 1220 773 1266; x_wconf 87' lang='lat' dir='ltr'>es:</span> <span class='ocrx_word' id='word_1_67' title='bbox 795 1202 893 1266; x_wconf 82' lang='lat' dir='ltr'>nolite</span> <span class='ocrx_word' id='word_1_68' title='bbox 914 1221 1009 1266; x_wconf 90' lang='lat' dir='ltr'>armo</span> <span class='ocrx_word' id='word_1_69' title='bbox 1029 1221 1150 1268; x_wconf 75' lang='lat' dir='ltr'>sumere</span> <span class='ocrx_word' id='word_1_70' title='bbox 1171 1207 1284 1268; x_wconf 81' lang='lat' dir='ltr'>ecntm</span> 
     </span>
     <span class='ocr_line' id='line_1_9' title="bbox 163 1303 1282 1386; baseline -0.002 -14"><span class='ocrx_word' id='word_1_71' title='bbox 163 1303 386 1372; x_wconf 73' lang='lat' dir='ltr'>cinnamon</span> <span class='ocrx_word' id='word_1_72' title='bbox 413 1304 535 1370; x_wconf 84' lang='lat' dir='ltr'>diaboli</span> <span class='ocrx_word' id='word_1_73' title='bbox 564 1304 747 1382; x_wconf 81' lang='lat' dir='ltr'>satellitem,</span> <span class='ocrx_word' id='word_1_74' title='bbox 780 1305 877 1370; x_wconf 89' lang='lat' dir='ltr'>nolite</span> <span class='ocrx_word' id='word_1_75' title='bbox 907 1306 1047 1370; x_wconf 82' lang='lat' dir='ltr'>resistere</span> <span class='ocrx_word' id='word_1_76' title='bbox 1077 1306 1191 1386; x_wconf 83' lang='lat' dir='ltr'>templo</span> <span class='ocrx_word' id='word_1_77' title='bbox 1215 1325 1282 1370; x_wconf 90' lang='lat' dir='ltr'>om-</span> 
     </span>
     <span class='ocr_line' id='line_1_10' title="bbox 163 1407 1280 1491; baseline 0.003 -20"><span class='ocrx_word' id='word_1_78' title='bbox 163 1407 254 1472; x_wconf 86' lang='lat' dir='ltr'>ninm</span> <span class='ocrx_word' id='word_1_79' title='bbox 276 1407 480 1490; x_wconf 74' lang='lat' dir='ltr'>daentonnm5</span> <span class='ocrx_word' id='word_1_80' title='bbox 500 1409 603 1491; x_wconf 70' lang='lat' dir='ltr'>manes</span> <span class='ocrx_word' id='word_1_81' title='bbox 624 1413 729 1473; x_wconf 68' lang='lat' dir='ltr'>annm</span> <span class='ocrx_word' id='word_1_82' title='bbox 751 1409 848 1490; x_wconf 81' lang='lat' dir='ltr'>facite</span> <span class='ocrx_word' id='word_1_83' title='bbox 869 1427 1079 1489; x_wconf 78' lang='lat' dir='ltr'>qnaecmnqne</span> <span class='ocrx_word' id='word_1_84' title='bbox 1093 1408 1165 1489; x_wconf 75' lang='lat' dir='ltr'>fieri</span> <span class='ocrx_word' id='word_1_85' title='bbox 1182 1429 1280 1491; x_wconf 78' lang='lat' dir='ltr'>prae·</span> 
     </span>
     <span class='ocr_line' id='line_1_11' title="bbox 126 1509 1283 1594; baseline -0.001 -18"><span class='ocrx_word' id='word_1_86' title='bbox 126 1528 152 1568; x_wconf 84' lang='lat' dir='ltr'>n</span> <span class='ocrx_word' id='word_1_87' title='bbox 163 1510 284 1591; x_wconf 76' lang='lat' dir='ltr'>depcrit</span> <span class='ocrx_word' id='word_1_88' title='bbox 321 1529 402 1594; x_wconf 86' lang='lat' dir='ltr'>quuo</span> <span class='ocrx_word' id='word_1_89' title='bbox 423 1513 501 1576; x_wconf 79' lang='lat' dir='ltr'>hoec</span> <span class='ocrx_word' id='word_1_90' title='bbox 526 1512 574 1576; x_wconf 91' lang='lat' dir='ltr'>est</span> <span class='ocrx_word' id='word_1_91' title='bbox 595 1512 702 1576; x_wconf 79' lang='lat' dir='ltr'>nostra</span> <span class='ocrx_word' id='word_1_92' title='bbox 724 1510 938 1588; x_wconf 81' lang='lat' dir='ltr'>coutumacia,</span> <span class='ocrx_word' id='word_1_93' title='bbox 973 1510 1000 1574; x_wconf 88' lang='lat' dir='ltr'>si</span> <span class='ocrx_word' id='word_1_94' title='bbox 1028 1509 1166 1575; x_wconf 86' lang='lat' dir='ltr'>officium</span> <span class='ocrx_word' id='word_1_95' title='bbox 1193 1511 1283 1576; x_wconf 90' lang='lat' dir='ltr'>uobis</span> 
     </span>
     <span class='ocr_line' id='line_1_12' title="bbox 164 1611 1283 1696; baseline 0.002 -20"><span class='ocrx_word' id='word_1_96' title='bbox 164 1611 345 1696; x_wconf 81' lang='lat' dir='ltr'>delegatum</span> <span class='ocrx_word' id='word_1_97' title='bbox 368 1633 387 1679; x_wconf 84' lang='lat' dir='ltr'>u</span> <span class='ocrx_word' id='word_1_98' title='bbox 409 1613 468 1679; x_wconf 86' lang='lat' dir='ltr'>deo</span> <span class='ocrx_word' id='word_1_99' title='bbox 491 1614 627 1678; x_wconf 84' lang='lat' dir='ltr'>nitamur</span> <span class='ocrx_word' id='word_1_100' title='bbox 649 1613 795 1694; x_wconf 85' lang='lat' dir='ltr'>implere,</span> <span class='ocrx_word' id='word_1_101' title='bbox 823 1613 850 1678; x_wconf 92' lang='lat' dir='ltr'>si</span> <span class='ocrx_word' id='word_1_102' title='bbox 873 1612 1007 1695; x_wconf 84' lang='lat' dir='ltr'>denique</span> <span class='ocrx_word' id='word_1_103' title='bbox 1029 1613 1120 1678; x_wconf 90' lang='lat' dir='ltr'>istius</span> <span class='ocrx_word' id='word_1_104' title='bbox 1141 1613 1283 1679; x_wconf 88' lang='lat' dir='ltr'>mulieris</span> 
     </span>
     <span class='ocr_line' id='line_1_13' title="bbox 161 1715 1282 1798; baseline 0.002 -19"><span class='ocrx_word' id='word_1_105' title='bbox 161 1716 337 1782; x_wconf 85' lang='lat' dir='ltr'>imitatores</span> <span class='ocrx_word' id='word_1_106' title='bbox 359 1716 509 1781; x_wconf 78' lang='lat' dir='ltr'>tuenmus</span> <span class='ocrx_word' id='word_1_107' title='bbox 523 1715 664 1780; x_wconf 79' lang='lat' dir='ltr'>inuenti?</span> <span class='ocrx_word' id='word_1_108' title='bbox 685 1717 723 1779; x_wconf 88' lang='lat' dir='ltr'>tu</span> <span class='ocrx_word' id='word_1_109' title='bbox 737 1715 785 1781; x_wconf 88' lang='lat' dir='ltr'>uis</span> <span class='ocrx_word' id='word_1_110' title='bbox 802 1715 925 1779; x_wconf 78' lang='lat' dir='ltr'>diabolo</span> <span class='ocrx_word' id='word_1_111' title='bbox 940 1715 1065 1796; x_wconf 85' lang='lat' dir='ltr'>plaeere</span> <span class='ocrx_word' id='word_1_112' title='bbox 1094 1717 1183 1781; x_wconf 87' lang='lat' dir='ltr'>cuius</span> <span class='ocrx_word' id='word_1_113' title='bbox 1205 1735 1282 1798; x_wconf 76' lang='lat' dir='ltr'>opus</span> 
     </span>
     <span class='ocr_line' id='line_1_14' title="bbox 161 1817 1282 1900; baseline 0.001 -17"><span class='ocrx_word' id='word_1_114' title='bbox 161 1819 311 1884; x_wconf 89' lang='lat' dir='ltr'>inueniris</span> <span class='ocrx_word' id='word_1_115' title='bbox 338 1820 511 1896; x_wconf 79' lang='lat' dir='ltr'>celebrere,</span> <span class='ocrx_word' id='word_1_116' title='bbox 545 1836 601 1883; x_wconf 93' lang='lat' dir='ltr'>nos</span> <span class='ocrx_word' id='word_1_117' title='bbox 629 1817 757 1883; x_wconf 90' lang='lat' dir='ltr'>minime</span> <span class='ocrx_word' id='word_1_118' title='bbox 796 1818 845 1881; x_wconf 92' lang='lat' dir='ltr'>uis</span> <span class='ocrx_word' id='word_1_119' title='bbox 880 1817 938 1882; x_wconf 89' lang='lat' dir='ltr'>deo</span> <span class='ocrx_word' id='word_1_120' title='bbox 971 1818 1052 1882; x_wconf 84' lang='lat' dir='ltr'>haec</span> <span class='ocrx_word' id='word_1_121' title='bbox 1082 1818 1115 1882; x_wconf 89' lang='lat' dir='ltr'>te</span> <span class='ocrx_word' id='word_1_122' title='bbox 1145 1819 1282 1900; x_wconf 82' lang='lat' dir='ltr'>gerendo</span> 
     </span>
     <span class='ocr_line' id='line_1_15' title="bbox 163 1920 1283 2003; baseline 0 -17"><span class='ocrx_word' id='word_1_123' title='bbox 163 1923 272 1987; x_wconf 88' lang='lat' dir='ltr'>contra</span> <span class='ocrx_word' id='word_1_124' title='bbox 293 1921 362 1986; x_wconf 87' lang='lat' dir='ltr'>fieri</span> <span class='ocrx_word' id='word_1_125' title='bbox 385 1921 630 2003; x_wconf 81' lang='lat' dir='ltr'>acceptissimos.</span> <span class='ocrx_word' id='word_1_126' title='bbox 670 1920 696 1984; x_wconf 94' lang='lat' dir='ltr'>si</span> <span class='ocrx_word' id='word_1_127' title='bbox 717 1921 750 1984; x_wconf 90' lang='lat' dir='ltr'>to</span> <span class='ocrx_word' id='word_1_128' title='bbox 774 1920 877 1984; x_wconf 77' lang='lat' dir='ltr'>adhuc</span> <span class='ocrx_word' id='word_1_129' title='bbox 908 1921 1030 1997; x_wconf 82' lang='lat' dir='ltr'>mouet,</span> <span class='ocrx_word' id='word_1_130' title='bbox 1065 1938 1120 1986; x_wconf 88' lang='lat' dir='ltr'>cur</span> <span class='ocrx_word' id='word_1_131' title='bbox 1143 1920 1226 2002; x_wconf 89' lang='lat' dir='ltr'>quod</span> <span class='ocrx_word' id='word_1_132' title='bbox 1248 1940 1283 1989; x_wconf 86' lang='lat' dir='ltr'>eo</span> 
     </span>
     <span class='ocr_line' id='line_1_16' title="bbox 127 2022 1283 2106; baseline 0.003 -22"><span class='ocrx_word' id='word_1_133' title='bbox 127 2025 285 2090; x_wconf 83' lang='lat' dir='ltr'>nuoccris</span> <span class='ocrx_word' id='word_1_134' title='bbox 309 2044 328 2089; x_wconf 90' lang='lat' dir='ltr'>a</span> <span class='ocrx_word' id='word_1_135' title='bbox 348 2025 453 2101; x_wconf 80' lang='lat' dir='ltr'>nobis,</span> <span class='ocrx_word' id='word_1_136' title='bbox 485 2024 592 2106; x_wconf 75' lang='lat' dir='ltr'>accipe</span> <span class='ocrx_word' id='word_1_137' title='bbox 616 2023 712 2088; x_wconf 86' lang='lat' dir='ltr'>etium</span> <span class='ocrx_word' id='word_1_138' title='bbox 736 2022 851 2086; x_wconf 84' lang='lat' dir='ltr'>abillo</span> <span class='ocrx_word' id='word_1_139' title='bbox 874 2022 1006 2103; x_wconf 87' lang='lat' dir='ltr'>septimo</span> <span class='ocrx_word' id='word_1_140' title='bbox 1028 2023 1120 2087; x_wconf 91' lang='lat' dir='ltr'>huius</span> <span class='ocrx_word' id='word_1_141' title='bbox 1141 2023 1283 2090; x_wconf 83' lang='lat' dir='ltr'>mulieris</span> 
     </span>
     <span class='ocr_line' id='line_1_17' title="bbox 164 2125 1282 2193; baseline 0 0"><span class='ocrx_word' id='word_1_142' title='bbox 164 2129 208 2193; x_wconf 93' lang='lat' dir='ltr'>sic</span> <span class='ocrx_word' id='word_1_143' title='bbox 231 2127 428 2193; x_wconf 80' lang='lat' dir='ltr'>clamitatum</span> <span class='ocrx_word' id='word_1_144' title='bbox 452 2128 560 2193; x_wconf 84' lang='lat' dir='ltr'>contre</span> <span class='ocrx_word' id='word_1_145' title='bbox 582 2126 772 2193; x_wconf 82' lang='lat' dir='ltr'>Antiochum</span> <span class='ocrx_word' id='word_1_146' title='bbox 792 2125 874 2191; x_wconf 86' lang='lat' dir='ltr'>filio:</span> <span class='ocrx_word' id='word_1_147' title='bbox 897 2126 1073 2192; x_wconf 74' lang='lat' dir='ltr'>Antiochus</span> <span class='ocrx_word' id='word_1_148' title='bbox 1087 2131 1192 2193; x_wconf 86' lang='lat' dir='ltr'>entem</span> <span class='ocrx_word' id='word_1_149' title='bbox 1206 2148 1282 2193; x_wconf 90' lang='lat' dir='ltr'>eon-</span> 
     </span>
     <span class='ocr_line' id='line_1_18' title="bbox 162 2230 1281 2315; baseline 0 -20"><span class='ocrx_word' id='word_1_150' title='bbox 162 2233 262 2298; x_wconf 89' lang='lat' dir='ltr'>temni</span> <span class='ocrx_word' id='word_1_151' title='bbox 291 2232 468 2296; x_wconf 89' lang='lat' dir='ltr'>arbitratns</span> <span class='ocrx_word' id='word_1_152' title='bbox 496 2235 525 2295; x_wconf 89' lang='lat' dir='ltr'>et</span> <span class='ocrx_word' id='word_1_153' title='bbox 553 2232 621 2295; x_wconf 86' lang='lat' dir='ltr'>eins</span> <span class='ocrx_word' id='word_1_154' title='bbox 649 2251 730 2313; x_wconf 74' lang='grc' dir='ltr'>οοοᾳο</span> <span class='ocrx_word' id='word_1_155' title='bbox 757 2230 943 2311; x_wconf 75' lang='lat' dir='ltr'>increpabat</span> <span class='ocrx_word' id='word_1_156' title='bbox 962 2249 1071 2295; x_wconf 87' lang='lat' dir='ltr'>nocem</span> <span class='ocrx_word' id='word_1_157' title='bbox 1099 2231 1281 2315; x_wconf 78' lang='lat' dir='ltr'>despiciens,</span> 
     </span>
     <span class='ocr_line' id='line_1_19' title="bbox 164 2333 1283 2418; baseline -0.003 -19"><span class='ocrx_word' id='word_1_158' title='bbox 164 2355 234 2399; x_wconf 90' lang='lat' dir='ltr'>cnm</span> <span class='ocrx_word' id='word_1_159' title='bbox 262 2333 365 2398; x_wconf 80' lang='lat' dir='ltr'>adine</span> <span class='ocrx_word' id='word_1_160' title='bbox 394 2334 621 2399; x_wconf 78' lang='lat' dir='ltr'>adolescentior</span> <span class='ocrx_word' id='word_1_161' title='bbox 648 2337 833 2418; x_wconf 72' lang='lat' dir='ltr'>commosset,</span> <span class='ocrx_word' id='word_1_162' title='bbox 867 2353 933 2397; x_wconf 89' lang='lat' dir='ltr'>non</span> <span class='ocrx_word' id='word_1_163' title='bbox 959 2334 1064 2399; x_wconf 81' lang='lat' dir='ltr'>merdis</span> <span class='ocrx_word' id='word_1_164' title='bbox 1096 2333 1283 2399; x_wconf 77' lang='lat' dir='ltr'>bamabntnr</span> 
     </span>
     <span class='ocr_line' id='line_1_20' title="bbox 164 2436 1282 2521; baseline 0.002 -19"><span class='ocrx_word' id='word_1_165' title='bbox 164 2443 300 2521; x_wconf 86' lang='lat' dir='ltr'>tantnm‚</span> <span class='ocrx_word' id='word_1_166' title='bbox 323 2436 377 2501; x_wconf 84' lang='lat' dir='ltr'>sed</span> <span class='ocrx_word' id='word_1_167' title='bbox 399 2437 494 2500; x_wconf 84' lang='lat' dir='ltr'>etiam</span> <span class='ocrx_word' id='word_1_168' title='bbox 517 2456 587 2500; x_wconf 90' lang='lat' dir='ltr'>cnm</span> <span class='ocrx_word' id='word_1_169' title='bbox 609 2437 788 2501; x_wconf 71' lang='lat' dir='ltr'>loramento</span> <span class='ocrx_word' id='word_1_170' title='bbox 810 2436 1001 2518; x_wconf 67' lang='lat' dir='ltr'>adfirmabat</span> <span class='ocrx_word' id='word_1_171' title='bbox 1017 2437 1152 2501; x_wconf 82' lang='lat' dir='ltr'>dinitem</span> <span class='ocrx_word' id='word_1_172' title='bbox 1168 2441 1196 2501; x_wconf 89' lang='lat' dir='ltr'>et</span> <span class='ocrx_word' id='word_1_173' title='bbox 1210 2436 1282 2504; x_wconf 74' lang='lat' dir='ltr'>bern·</span> 
     </span>
     <span class='ocr_line' id='line_1_21' title="bbox 127 2538 1283 2621; baseline 0 -17"><span class='ocrx_word' id='word_1_174' title='bbox 127 2546 228 2606; x_wconf 78' lang='lat' dir='ltr'>ntem</span> <span class='ocrx_word' id='word_1_175' title='bbox 251 2540 423 2621; x_wconf 79' lang='lat' dir='ltr'>sactnrnm,</span> <span class='ocrx_word' id='word_1_176' title='bbox 445 2538 687 2606; x_wconf 71' lang='lat' dir='ltr'>translaticiam</span> <span class='ocrx_word' id='word_1_177' title='bbox 709 2559 731 2604; x_wconf 85' lang='lat' dir='ltr'>a</span> <span class='ocrx_word' id='word_1_178' title='bbox 750 2539 869 2620; x_wconf 83' lang='lat' dir='ltr'>patriis</span> <span class='ocrx_word' id='word_1_179' title='bbox 891 2543 920 2602; x_wconf 89' lang='lat' dir='ltr'>et</span> <span class='ocrx_word' id='word_1_180' title='bbox 933 2539 1086 2619; x_wconf 77' lang='lat' dir='ltr'>hospitem</span> <span class='ocrx_word' id='word_1_181' title='bbox 1100 2539 1283 2610; x_wconf 81' lang='lat' dir='ltr'>babitnrnm</span> 
     </span>
     <span class='ocr_line' id='line_1_22' title="bbox 164 2641 1284 2711; baseline -0.003 -1"><span class='ocrx_word' id='word_1_182' title='bbox 164 2649 268 2710; x_wconf 81' lang='lat' dir='ltr'>etms</span> <span class='ocrx_word' id='word_1_183' title='bbox 296 2644 491 2711; x_wconf 77' lang='lat' dir='ltr'>necessarias</span> <span class='ocrx_word' id='word_1_184' title='bbox 521 2643 725 2708; x_wconf 85' lang='lat' dir='ltr'>creditnrnm.</span> <span class='ocrx_word' id='word_1_185' title='bbox 763 2642 817 2706; x_wconf 83' lang='lat' dir='ltr'>sed</span> <span class='ocrx_word' id='word_1_186' title='bbox 844 2642 888 2705; x_wconf 83' lang='lat' dir='ltr'>nel</span> <span class='ocrx_word' id='word_1_187' title='bbox 915 2642 980 2705; x_wconf 86' lang='lat' dir='ltr'>istc</span> <span class='ocrx_word' id='word_1_188' title='bbox 1009 2641 1196 2706; x_wconf 83' lang='lat' dir='ltr'>adolescente</span> <span class='ocrx_word' id='word_1_189' title='bbox 1217 2663 1284 2708; x_wconf 90' lang='lat' dir='ltr'>non</span> 
     </span>
     <span class='ocr_line' id='line_1_23' title="bbox 164 2744 1281 2828; baseline -0.002 -16"><span class='ocrx_word' id='word_1_190' title='bbox 164 2747 342 2815; x_wconf 73' lang='lat' dir='ltr'>mendene</span> <span class='ocrx_word' id='word_1_191' title='bbox 356 2746 485 2811; x_wconf 86' lang='lat' dir='ltr'>noccnit</span> <span class='ocrx_word' id='word_1_192' title='bbox 500 2749 632 2810; x_wconf 88' lang='lat' dir='ltr'>matrem</span> <span class='ocrx_word' id='word_1_193' title='bbox 653 2749 683 2809; x_wconf 89' lang='lat' dir='ltr'>et</span> <span class='ocrx_word' id='word_1_194' title='bbox 703 2744 862 2828; x_wconf 83' lang='lat' dir='ltr'>sncdebct,</span> <span class='ocrx_word' id='word_1_195' title='bbox 885 2749 923 2808; x_wconf 90' lang='lat' dir='ltr'>nt</span> <span class='ocrx_word' id='word_1_196' title='bbox 939 2745 1126 2810; x_wconf 87' lang='lat' dir='ltr'>adolescenti</span> <span class='ocrx_word' id='word_1_197' title='bbox 1141 2745 1228 2826; x_wconf 68' lang='lat' dir='ltr'>fieret</span> <span class='ocrx_word' id='word_1_198' title='bbox 1242 2747 1281 2810; x_wconf 82' lang='lat' dir='ltr'>in</span> 
     </span>
     <span class='ocr_line' id='line_1_24' title="bbox 163 2847 1282 2929; baseline -0.004 -12"><span class='ocrx_word' id='word_1_199' title='bbox 163 2851 305 2917; x_wconf 80' lang='lat' dir='ltr'>salntem.</span> <span class='ocrx_word' id='word_1_200' title='bbox 343 2869 413 2915; x_wconf 91' lang='lat' dir='ltr'>enm</span> <span class='ocrx_word' id='word_1_201' title='bbox 434 2853 541 2914; x_wconf 87' lang='lat' dir='ltr'>antem</span> <span class='ocrx_word' id='word_1_202' title='bbox 562 2847 671 2912; x_wconf 86' lang='lat' dir='ltr'>mnitis</span> <span class='ocrx_word' id='word_1_203' title='bbox 699 2852 776 2912; x_wconf 86' lang='lat' dir='ltr'>esset</span> <span class='ocrx_word' id='word_1_204' title='bbox 802 2847 960 2926; x_wconf 86' lang='lat' dir='ltr'>bartatns,</span> <span class='ocrx_word' id='word_1_205' title='bbox 995 2848 1129 2929; x_wconf 73' lang='lat' dir='ltr'>suscepit</span> <span class='ocrx_word' id='word_1_206' title='bbox 1151 2848 1282 2915; x_wconf 87' lang='lat' dir='ltr'>snaalere</span> 
     </span>
     <span class='ocr_line' id='line_1_25' title="bbox 164 2949 1283 3036; baseline -0.005 -16"><span class='ocrx_word' id='word_1_207' title='bbox 164 2974 193 3019; x_wconf 87' lang='lat' dir='ltr'>se</span> <span class='ocrx_word' id='word_1_208' title='bbox 213 2953 331 3036; x_wconf 77' lang='lat' dir='ltr'>filinm.</span> <span class='ocrx_word' id='word_1_209' title='bbox 368 2954 475 3033; x_wconf 80' lang='lat' dir='ltr'>itaqne</span> <span class='ocrx_word' id='word_1_210' title='bbox 497 2949 658 3015; x_wconf 87' lang='lat' dir='ltr'>inclinata</span> <span class='ocrx_word' id='word_1_211' title='bbox 680 2952 723 3016; x_wconf 88' lang='lat' dir='ltr'>ad</span> <span class='ocrx_word' id='word_1_212' title='bbox 744 2950 838 3015; x_wconf 88' lang='lat' dir='ltr'>illnm</span> <span class='ocrx_word' id='word_1_213' title='bbox 859 2950 969 3015; x_wconf 80' lang='lat' dir='ltr'>derisit</span> <span class='ocrx_word' id='word_1_214' title='bbox 991 2950 1148 3016; x_wconf 80' lang='lat' dir='ltr'>crudelem</span> <span class='ocrx_word' id='word_1_215' title='bbox 1169 2957 1283 3034; x_wconf 74' lang='lat' dir='ltr'>tyram</span> 
     </span>
     <span class='ocr_line' id='line_1_26' title="bbox 129 3053 1285 3137; baseline -0.002 -14"><span class='ocrx_word' id='word_1_216' title='bbox 129 3074 241 3124; x_wconf 61' lang='lat' dir='ltr'>nnnm</span> <span class='ocrx_word' id='word_1_217' title='bbox 263 3063 292 3121; x_wconf 92' lang='lat' dir='ltr'>et</span> <span class='ocrx_word' id='word_1_218' title='bbox 314 3058 364 3122; x_wconf 84' lang='lat' dir='ltr'>nit</span> <span class='ocrx_word' id='word_1_219' title='bbox 378 3056 494 3137; x_wconf 81' lang='lat' dir='ltr'>patria</span> <span class='ocrx_word' id='word_1_220' title='bbox 516 3073 606 3120; x_wconf 87' lang='lat' dir='ltr'>noce:</span> <span class='ocrx_word' id='word_1_221' title='bbox 635 3053 703 3135; x_wconf 72' lang='lat' dir='ltr'>fili,</span> <span class='ocrx_word' id='word_1_222' title='bbox 723 3056 868 3119; x_wconf 84' lang='lat' dir='ltr'>miserere</span> <span class='ocrx_word' id='word_1_223' title='bbox 890 3053 959 3129; x_wconf 87' lang='lat' dir='ltr'>mei,</span> <span class='ocrx_word' id='word_1_224' title='bbox 990 3073 1070 3134; x_wconf 77' lang='lat' dir='ltr'>qnae</span> <span class='ocrx_word' id='word_1_225' title='bbox 1092 3059 1120 3118; x_wconf 90' lang='lat' dir='ltr'>te</span> <span class='ocrx_word' id='word_1_226' title='bbox 1141 3056 1179 3119; x_wconf 89' lang='lat' dir='ltr'>in</span> <span class='ocrx_word' id='word_1_227' title='bbox 1198 3061 1285 3121; x_wconf 81' lang='lat' dir='ltr'>ntem</span> 
     </span>
     <span class='ocr_line' id='line_1_27' title="bbox 164 3157 1284 3240; baseline -0.003 -13"><span class='ocrx_word' id='word_1_228' title='bbox 164 3162 322 3227; x_wconf 72' lang='lat' dir='ltr'>neminie</span> <span class='ocrx_word' id='word_1_229' title='bbox 352 3159 455 3227; x_wconf 78' lang='lat' dir='ltr'>decem</span> <span class='ocrx_word' id='word_1_230' title='bbox 480 3159 616 3240; x_wconf 71' lang='lat' dir='ltr'>portani</span> <span class='ocrx_word' id='word_1_231' title='bbox 642 3163 672 3222; x_wconf 92' lang='lat' dir='ltr'>et</span> <span class='ocrx_word' id='word_1_232' title='bbox 700 3159 750 3223; x_wconf 90' lang='lat' dir='ltr'>lae</span> <span class='ocrx_word' id='word_1_233' title='bbox 784 3159 923 3223; x_wconf 87' lang='lat' dir='ltr'>triennio</span> <span class='ocrx_word' id='word_1_234' title='bbox 952 3157 1025 3222; x_wconf 82' lang='lat' dir='ltr'>dedi</span> <span class='ocrx_word' id='word_1_235' title='bbox 1052 3161 1080 3222; x_wconf 85' lang='lat' dir='ltr'>et</span> <span class='ocrx_word' id='word_1_236' title='bbox 1109 3158 1178 3224; x_wconf 91' lang='lat' dir='ltr'>alni</span> <span class='ocrx_word' id='word_1_237' title='bbox 1199 3164 1228 3224; x_wconf 92' lang='lat' dir='ltr'>et</span> <span class='ocrx_word' id='word_1_238' title='bbox 1248 3167 1284 3224; x_wconf 85' lang='lat' dir='ltr'>in</span> 
     </span>
     <span class='ocr_line' id='line_1_28' title="bbox 165 3261 1284 3343; baseline -0.002 -15"><span class='ocrx_word' id='word_1_239' title='bbox 165 3268 300 3329; x_wconf 84' lang='lat' dir='ltr'>aetatem</span> <span class='ocrx_word' id='word_1_240' title='bbox 320 3264 417 3327; x_wconf 87' lang='lat' dir='ltr'>istam</span> <span class='ocrx_word' id='word_1_241' title='bbox 433 3262 583 3343; x_wconf 74' lang='lat' dir='ltr'>peralnni.</span> <span class='ocrx_word' id='word_1_242' title='bbox 618 3266 698 3342; x_wconf 66' lang='lat' dir='ltr'>mein</span> <span class='ocrx_word' id='word_1_243' title='bbox 719 3265 804 3337; x_wconf 87' lang='lat' dir='ltr'>note,</span> <span class='ocrx_word' id='word_1_244' title='bbox 833 3261 975 3341; x_wconf 77' lang='lat' dir='ltr'>aspicias</span> <span class='ocrx_word' id='word_1_245' title='bbox 996 3261 1035 3324; x_wconf 86' lang='lat' dir='ltr'>in</span> <span class='ocrx_word' id='word_1_246' title='bbox 1056 3261 1176 3326; x_wconf 84' lang='lat' dir='ltr'>enelnm</span> <span class='ocrx_word' id='word_1_247' title='bbox 1198 3266 1227 3326; x_wconf 92' lang='lat' dir='ltr'>et</span> <span class='ocrx_word' id='word_1_248' title='bbox 1248 3263 1284 3326; x_wconf 92' lang='lat' dir='ltr'>in</span> 
     </span>
     <span class='ocr_line' id='line_1_29' title="bbox 166 3364 1285 3446; baseline -0.004 -14"><span class='ocrx_word' id='word_1_249' title='bbox 166 3371 285 3435; x_wconf 70' lang='lat' dir='ltr'>bream</span> <span class='ocrx_word' id='word_1_250' title='bbox 306 3370 335 3430; x_wconf 83' lang='lat' dir='ltr'>n</span> <span class='ocrx_word' id='word_1_251' title='bbox 356 3366 499 3433; x_wconf 71' lang='lat' dir='ltr'>amintas</span> <span class='ocrx_word' id='word_1_252' title='bbox 521 3385 604 3446; x_wconf 78' lang='lat' dir='ltr'>qnae</span> <span class='ocrx_word' id='word_1_253' title='bbox 622 3365 658 3428; x_wconf 90' lang='lat' dir='ltr'>in</span> <span class='ocrx_word' id='word_1_254' title='bbox 681 3364 725 3430; x_wconf 83' lang='lat' dir='ltr'>eis</span> <span class='ocrx_word' id='word_1_255' title='bbox 747 3368 823 3430; x_wconf 77' lang='lat' dir='ltr'>snnt</span> <span class='ocrx_word' id='word_1_256' title='bbox 844 3364 996 3444; x_wconf 78' lang='lat' dir='ltr'>inspectis</span> <span class='ocrx_word' id='word_1_257' title='bbox 1017 3364 1192 3446; x_wconf 71' lang='lat' dir='ltr'>netelleoere</span> <span class='ocrx_word' id='word_1_258' title='bbox 1207 3364 1285 3445; x_wconf 80' lang='lat' dir='ltr'>qnia</span> 
     </span>
     <span class='ocr_line' id='line_1_30' title="bbox 163 3466 1285 3551; baseline -0.004 -15"><span class='ocrx_word' id='word_1_259' title='bbox 163 3490 201 3536; x_wconf 86' lang='lat' dir='ltr'>en</span> <span class='ocrx_word' id='word_1_260' title='bbox 222 3469 327 3537; x_wconf 77' lang='lat' dir='ltr'>miliia</span> <span class='ocrx_word' id='word_1_261' title='bbox 349 3468 506 3551; x_wconf 85' lang='lat' dir='ltr'>feeitilla</span> <span class='ocrx_word' id='word_1_262' title='bbox 528 3469 655 3535; x_wconf 81' lang='lat' dir='ltr'>denset</span> <span class='ocrx_word' id='word_1_263' title='bbox 682 3467 849 3533; x_wconf 78' lang='lat' dir='ltr'>bornicum</span> <span class='ocrx_word' id='word_1_264' title='bbox 873 3485 971 3548; x_wconf 71' lang='lat' dir='ltr'>acuns</span> <span class='ocrx_word' id='word_1_265' title='bbox 998 3468 1047 3530; x_wconf 88' lang='lat' dir='ltr'>ita</span> <span class='ocrx_word' id='word_1_266' title='bbox 1074 3466 1120 3548; x_wconf 73' lang='lat' dir='ltr'>fit,</span> <span class='ocrx_word' id='word_1_267' title='bbox 1158 3470 1192 3530; x_wconf 93' lang='lat' dir='ltr'>nt</span> <span class='ocrx_word' id='word_1_268' title='bbox 1219 3486 1285 3531; x_wconf 91' lang='lat' dir='ltr'>non</span> 
     </span>
    </p>
   </div>
   <div class='ocr_carea' id='block_1_3' title="bbox 265 3608 879 3685">
    <p class='ocr_par' dir='ltr' id='par_1_3' title="bbox 265 3608 879 3685">
     <span class='ocr_line' id='line_1_31' title="bbox 265 3608 879 3685; baseline -0.008 -9"><span class='ocrx_word' id='word_1_269' title='bbox 265 3608 280 3676; x_wconf 81' lang='lat'>&#39;1</span> <span class='ocrx_word' id='word_1_270' title='bbox 299 3622 370 3677; x_wconf 72' lang='lat' dir='ltr'>mer.</span> <span class='ocrx_word' id='word_1_271' title='bbox 388 3622 414 3685; x_wconf 87' lang='lat' dir='ltr'>s,</span> <span class='ocrx_word' id='word_1_272' title='bbox 433 3620 466 3674; x_wconf 87' lang='lat'>15</span> <span class='ocrx_word' id='word_1_273' title='bbox 535 3619 611 3674; x_wconf 84' lang='lat'>1611</span> <span class='ocrx_word' id='word_1_274' title='bbox 627 3619 713 3675; x_wconf 73' lang='lat' dir='ltr'>naen.</span> <span class='ocrx_word' id='word_1_275' title='bbox 732 3621 756 3684; x_wconf 76' lang='grc' dir='ltr'>ο,</span> <span class='ocrx_word' id='word_1_276' title='bbox 775 3618 879 3673; x_wconf 75' lang='lat' dir='ltr'>ec-se</span> 
     </span>
    </p>
   </div>
   <div class='ocr_carea' id='block_1_4' title="bbox 147 3790 1288 4365">
    <p class='ocr_par' dir='ltr' id='par_1_4' title="bbox 162 3790 1288 4199">
     <span class='ocr_line' id='line_1_32' title="bbox 214 3790 1284 3862; baseline -0.004 -14"><span class='ocrx_word' id='word_1_277' title='bbox 214 3796 231 3848; x_wconf 88' lang='lat'><strong>6</strong></span> <span class='ocrx_word' id='word_1_278' title='bbox 248 3794 340 3862; x_wconf 70' lang='lat' dir='ltr'>gaudii</span> <span class='ocrx_word' id='word_1_279' title='bbox 357 3794 426 3848; x_wconf 80' lang='lat' dir='ltr'>ceni.</span> <span class='ocrx_word' id='word_1_280' title='bbox 448 3792 619 3847; x_wconf 80' lang='lat' dir='ltr'>Gallnneline</span> <span class='ocrx_word' id='word_1_281' title='bbox 705 3792 928 3860; x_wconf 78' lang='lat' dir='ltr'>liquuumcmnque</span> <span class='ocrx_word' id='word_1_282' title='bbox 950 3791 981 3854; x_wconf 72' lang='lat' dir='ltr'>V,</span> <span class='ocrx_word' id='word_1_283' title='bbox 1000 3807 1048 3843; x_wconf 89' lang='lat' dir='ltr'>em.</span> <span class='ocrx_word' id='word_1_284' title='bbox 1066 3806 1083 3842; x_wconf 91' lang='grc' dir='ltr'>ο</span> <span class='ocrx_word' id='word_1_285' title='bbox 1170 3790 1200 3843; x_wconf 87' lang='lat' dir='ltr'>ll</span> <span class='ocrx_word' id='word_1_286' title='bbox 1220 3790 1284 3844; x_wconf 88' lang='lat' dir='ltr'>deli·</span> 
     </span>
     <span class='ocr_line' id='line_1_33' title="bbox 164 3876 1284 3955; baseline -0.006 -19"><span class='ocrx_word' id='word_1_287' title='bbox 164 3886 254 3951; x_wconf 81' lang='lat' dir='ltr'>gatum</span> <span class='ocrx_word' id='word_1_288' title='bbox 323 3880 356 3933; x_wconf 88' lang='lat'>13</span> <span class='ocrx_word' id='word_1_289' title='bbox 368 3879 619 3948; x_wconf 79' lang='lat' dir='ltr'>interpunctionem</span> <span class='ocrx_word' id='word_1_290' title='bbox 626 3882 692 3944; x_wconf 81' lang='lat' dir='ltr'>post</span> <span class='ocrx_word' id='word_1_291' title='bbox 703 3878 809 3930; x_wconf 91' lang='lat' dir='ltr'>minime</span> <span class='ocrx_word' id='word_1_292' title='bbox 822 3877 926 3930; x_wconf 84' lang='lat' dir='ltr'>snstnli</span> <span class='ocrx_word' id='word_1_293' title='bbox 994 3877 1021 3928; x_wconf 89' lang='lat' dir='ltr'>te</span> <span class='ocrx_word' id='word_1_294' title='bbox 1034 3876 1125 3927; x_wconf 82' lang='lat' dir='ltr'>contre</span> <span class='ocrx_word' id='word_1_295' title='bbox 1136 3876 1181 3955; x_wconf 91' lang='lat' dir='ltr'>nel</span> <span class='ocrx_word' id='word_1_296' title='bbox 1193 3877 1284 3929; x_wconf 78' lang='lat' dir='ltr'>contm</span> 
     </span>
     <span class='ocr_line' id='line_1_34' title="bbox 162 3961 1286 4036; baseline -0.006 -15"><span class='ocrx_word' id='word_1_297' title='bbox 162 3971 191 4021; x_wconf 92' lang='lat' dir='ltr'>te</span> <span class='ocrx_word' id='word_1_298' title='bbox 207 3968 233 4022; x_wconf 92' lang='lat' dir='ltr'>h.</span> <span class='ocrx_word' id='word_1_299' title='bbox 251 3984 277 4036; x_wconf 85' lang='lat' dir='ltr'>g.</span> <span class='ocrx_word' id='word_1_300' title='bbox 296 3971 433 4035; x_wconf 75' lang='lat' dir='ltr'>exspectes</span> <span class='ocrx_word' id='word_1_301' title='bbox 504 3965 536 4018; x_wconf 86' lang='grc'>16</span> <span class='ocrx_word' id='word_1_302' title='bbox 554 3963 703 4031; x_wconf 89' lang='lat' dir='ltr'>contempni</span> <span class='ocrx_word' id='word_1_303' title='bbox 783 3961 816 4015; x_wconf 83' lang='lat'>18</span> <span class='ocrx_word' id='word_1_304' title='bbox 834 3962 971 4014; x_wconf 80' lang='lat' dir='ltr'>ortsbetur</span> <span class='ocrx_word' id='word_1_305' title='bbox 1046 3961 1079 4013; x_wconf 80' lang='lat'>20</span> <span class='ocrx_word' id='word_1_306' title='bbox 1096 3962 1286 4015; x_wconf 80' lang='lat' dir='ltr'>translaturum</span> 
     </span>
     <span class='ocr_line' id='line_1_35' title="bbox 168 4046 1288 4117; baseline -0.008 -9"><span class='ocrx_word' id='word_1_307' title='bbox 168 4054 198 4117; x_wconf 91' lang='lat' dir='ltr'>V,</span> <span class='ocrx_word' id='word_1_308' title='bbox 216 4053 401 4107; x_wconf 78' lang='lat' dir='ltr'>translatorem</span> <span class='ocrx_word' id='word_1_309' title='bbox 419 4068 434 4104; x_wconf 90' lang='lat' dir='ltr'>c</span> <span class='ocrx_word' id='word_1_310' title='bbox 452 4051 501 4104; x_wconf 83' lang='lat' dir='ltr'>sed</span> <span class='ocrx_word' id='word_1_311' title='bbox 518 4051 706 4105; x_wconf 79' lang='lat' dir='ltr'>translaturum</span> <span class='ocrx_word' id='word_1_312' title='bbox 722 4050 754 4103; x_wconf 80' lang='lat' dir='ltr'>in</span> <span class='ocrx_word' id='word_1_313' title='bbox 771 4049 847 4102; x_wconf 89' lang='lat' dir='ltr'>notis</span> <span class='ocrx_word' id='word_1_314' title='bbox 866 4047 926 4113; x_wconf 74' lang='lat' dir='ltr'>aelf.</span> <span class='ocrx_word' id='word_1_315' title='bbox 947 4048 1036 4100; x_wconf 83' lang='lat' dir='ltr'>Tilins</span> <span class='ocrx_word' id='word_1_316' title='bbox 1133 4047 1164 4100; x_wconf 83' lang='lat'>21</span> <span class='ocrx_word' id='word_1_317' title='bbox 1185 4046 1288 4100; x_wconf 82' lang='lat' dir='ltr'>adoles-</span> 
     </span>
     <span class='ocr_line' id='line_1_36' title="bbox 163 4132 1221 4199; baseline -0.005 -8"><span class='ocrx_word' id='word_1_318' title='bbox 163 4142 267 4192; x_wconf 87' lang='lat' dir='ltr'>centem</span> <span class='ocrx_word' id='word_1_319' title='bbox 284 4154 337 4191; x_wconf 91' lang='lat' dir='ltr'>non</span> <span class='ocrx_word' id='word_1_320' title='bbox 354 4136 536 4191; x_wconf 86' lang='lat' dir='ltr'>intendentem</span> <span class='ocrx_word' id='word_1_321' title='bbox 558 4137 605 4199; x_wconf 88' lang='lat' dir='ltr'>Vn,</span> <span class='ocrx_word' id='word_1_322' title='bbox 624 4152 670 4190; x_wconf 89' lang='lat' dir='ltr'>em.</span> <span class='ocrx_word' id='word_1_323' title='bbox 691 4134 777 4190; x_wconf 81' lang='lat' dir='ltr'>Goleti</span> <span class='ocrx_word' id='word_1_324' title='bbox 854 4133 887 4187; x_wconf 82' lang='lat'>28</span> <span class='ocrx_word' id='word_1_325' title='bbox 905 4132 1026 4187; x_wconf 89' lang='lat' dir='ltr'>omnibus</span> <span class='ocrx_word' id='word_1_326' title='bbox 1042 4150 1066 4195; x_wconf 89' lang='lat' dir='ltr'>n,</span> <span class='ocrx_word' id='word_1_327' title='bbox 1086 4132 1173 4185; x_wconf 78' lang='lat' dir='ltr'>omnia</span> <span class='ocrx_word' id='word_1_328' title='bbox 1195 4133 1221 4186; x_wconf 88' lang='lat' dir='ltr'><em>V</em></span> 
     </span>
    </p>

    <p class='ocr_par' dir='ltr' id='par_1_5' title="bbox 147 4211 1219 4365">
     <span class='ocr_line' id='line_1_37' title="bbox 147 4211 1219 4294; baseline -0.005 -17"><span class='ocrx_word' id='word_1_329' title='bbox 147 4225 197 4278; x_wconf 82' lang='grc'>’29</span> <span class='ocrx_word' id='word_1_330' title='bbox 206 4211 273 4293; x_wconf 77' lang='lat' dir='ltr'>post</span> <span class='ocrx_word' id='word_1_331' title='bbox 284 4240 366 4294; x_wconf 77' lang='lat' dir='ltr'>genus</span> <span class='ocrx_word' id='word_1_332' title='bbox 386 4223 537 4294; x_wconf 52' lang='lat' dir='ltr'>mimmii</span> <span class='ocrx_word' id='word_1_333' title='bbox 554 4239 578 4290; x_wconf 86' lang='lat' dir='ltr'>n,</span> <span class='ocrx_word' id='word_1_334' title='bbox 602 4222 651 4276; x_wconf 80' lang='lat' dir='ltr'>secl</span> <span class='ocrx_word' id='word_1_335' title='bbox 668 4220 706 4288; x_wconf 79' lang='lat' dir='ltr'>cf.</span> <span class='ocrx_word' id='word_1_336' title='bbox 726 4220 863 4290; x_wconf 69' lang='lat' dir='ltr'>Cypriani</span> <span class='ocrx_word' id='word_1_337' title='bbox 881 4219 919 4273; x_wconf 77' lang='lat' dir='ltr'>cci</span> <span class='ocrx_word' id='word_1_338' title='bbox 938 4219 1057 4274; x_wconf 78' lang='lat' dir='ltr'>Fortnn.</span> <span class='ocrx_word' id='word_1_339' title='bbox 1072 4235 1101 4288; x_wconf 73' lang='lat' dir='ltr'>p.</span> <span class='ocrx_word' id='word_1_340' title='bbox 1120 4222 1180 4281; x_wconf 77' lang='lat'><strong><em>341,</em></strong></span> <span class='ocrx_word' id='word_1_341' title='bbox 1202 4223 1219 4272; x_wconf 87' lang='grc'><strong><em>7</em></strong></span> 
     </span>
     <span class='ocr_line' id='line_1_38' title="bbox 165 4310 245 4365; baseline 0.038 -3"><span class='ocrx_word' id='word_1_342' title='bbox 165 4310 245 4365; x_wconf 85' lang='lat' dir='ltr'>fieta</span> 
     </span>
    </p>
   </div>
   <div class='ocr_carea' id='block_1_5' title="bbox 217 4369 1193 4466">
    <p class='ocr_par' dir='ltr' id='par_1_6' title="bbox 217 4369 1193 4466">
     <span class='ocr_line' id='line_1_39' title="bbox 217 4369 1193 4466; baseline -0.008 0"><span class='ocrx_word' id='word_1_343' title='bbox 217 4412 297 4466; x_wconf 82' lang='lat' dir='ltr'>mm</span> <span class='ocrx_word' id='word_1_344' title='bbox 747 4373 749 4378; x_wconf 51' lang='lat'><em>&#39;</em></span> <span class='ocrx_word' id='word_1_345' title='bbox 1051 4369 1193 4458; x_wconf 59' lang='lat' dir='ltr'>&#39;n</span> 
     </span>
    </p>
   </div>
   <div class='ocr_carea' id='block_1_6' title="bbox 0 0 1431 4754">
    <p class='ocr_par' dir='ltr' id='par_1_7' title="bbox 0 0 1431 4754">
     <span class='ocr_line' id='line_1_40' title="bbox 0 0 1431 4754; baseline 0 0"><span class='ocrx_word' id='word_1_346' title='bbox 0 0 1431 4754; x_wconf 95' lang='lat' dir='ltr'> </span> 
     </span>
    </p>
   </div>
  </div>
 </body>
</html>
