2850 4754
512 379 554 433 De
572 382 663 433 sancto
681 378 828 433 Athanasio
846 378 914 434 liber
930 379 951 435 1
1255 387 1294 452 81

171 562 248 645 quid
272 565 310 642 ei,
344 585 437 648 quem
464 586 525 631 non
554 568 762 646 ordinauerit,
796 586 889 651 quem
918 588 977 634 non
1008 570 1148 653 elegerit,
1181 574 1297 653 poterit

171 684 240 730 esse
263 668 439 750 propitius?
460 669 535 734 talis
551 671 601 735 est
617 671 781 753 Georgius,
806 672 909 754 qualis
923 672 1027 736 morat
1041 672 1151 738 Arrius
1167 675 1295 756 quales-

170 788 231 850 que
265 772 338 834 sunt
363 772 481 836 Valens
516 773 548 836 et
577 774 727 839 Vrsacius
760 775 813 839 uel
846 774 887 838 ad
921 794 1014 856 quem
1046 794 1097 839 mo
1132 775 1296 842 destinasti

171 871 518 959 German<ici>onsium
533 875 688 951 Adonius3
712 896 813 959 neque
830 879 912 942 enim
926 878 1054 959 possent
1068 879 1128 943 nisi
1144 879 1183 942 de
1199 879 1296 961 spinis

143 975 278 1056 espinae
299 976 481 1057 procedere.
504 979 583 1042 haec
605 979 652 1043 ita
674 998 708 1045 so
724 981 839 1045 habere
862 1000 899 1045 en
915 981 1037 1046 actibus
1051 982 1150 1062 ipsius
1167 983 1297 1066 Georgii

167 1077 277 1160 legens
311 1079 558 1145 contestationes
591 1081 873 1148 Alexandrinorum
909 1083 1026 1165 poteris
1060 1084 1226 1166 colligere;
1263 1087 1295 1150 et

168 1180 313 1261 quamuis
340 1180 399 1246 tibi
421 1183 612 1249 sceleratum
639 1185 857 1267 blasphemum
885 1186 976 1250 illum
1005 1205 1076 1251 esse
1104 1187 1231 1269 placent
1253 1227 1295 1235 -

167 1302 270 1365 nequo
294 1285 376 1349 euim
406 1286 497 1350 aliter
517 1288 577 1352 tibi
605 1289 689 1354 esset
712 1289 955 1366 amantissimus,
983 1289 1044 1353 nisi
1066 1290 1140 1371 quia
1162 1290 1204 1354 sit
1226 1309 1290 1355 sce-

166 1385 288 1451 leratus
316 1426 373 1465 -,
407 1389 515 1454 tamon
548 1392 626 1455 haee
657 1410 694 1455 eo
721 1390 920 1471 protulerim,
953 1391 991 1454 ut
1019 1391 1165 1456 eximiam
1192 1394 1295 1475 possis

129 1512 155 1550 ιο
168 1507 296 1554 oemero
320 1509 446 1572 operam
468 1493 566 1557 tuam.
611 1483 683 1557 oum
705 1491 801 1575 igitur
829 1511 889 1556 non
912 1511 982 1557 esse
1006 1493 1099 1558 deum
1122 1513 1295 1577 cognoscas

167 1610 241 1656 cum
267 1593 413 1677 Georgio,
437 1595 495 1660 sed
518 1614 587 1660 esse
612 1594 759 1659 aduertas
774 1613 847 1658 cum
861 1594 1045 1674 Athanasio,
1069 1615 1163 1678 quem
1178 1598 1293 1680 populo

168 1714 225 1760 suo
246 1695 421 1762 instituerit
444 1697 629 1775 antistitem,
660 1715 849 1780 cognoscere
876 1696 1007 1761 tandem
1033 1698 1152 1781 poteris
1182 1700 1232 1764 dei
1260 1701 1294 1766 te

167 1797 396 1864 ordinationem
423 1799 521 1866 fuisse
554 1800 702 1865 conatum
736 1799 913 1878 destruere,
950 1799 1043 1865 deum
1075 1801 1108 1865 to
1135 1801 1232 1867 fuisse
1260 1803 1293 1868 in

166 1901 340 1967 Athanasio
374 1904 583 1984 persecutum.
631 1903 720 1969 audis
750 1906 831 1968 enim
859 1903 964 1968 dicere
995 1902 1089 1967 deum
1125 1903 1164 1967 ad
1191 1904 1294 1989 Moysi

128 2025 154 2065 1⁵
167 2023 398 2071 successorem:
432 2008 512 2072 sicot
533 2028 620 2072 erom
649 2028 721 2072 com
743 2009 863 2090 Moyse,
892 2009 939 2071 sic
967 2026 1019 2071 ero
1040 2011 1148 2090 tecam,
1176 2012 1206 2071 et
1226 2028 1293 2073 coa

166 2111 382 2190 dreuroqoom
404 2114 433 2175 te
460 2130 559 2192 cepoe
581 2111 752 2190 despiciam
775 2115 813 2194 te,
842 2127 916 2174 ecce
940 2109 1001 2174 alio
1023 2109 1110 2174 loco:
1132 2112 1294 2176 incalesce

165 2217 195 2277 et
216 2213 359 2277 uiriliter
380 2233 437 2295 cpe
459 2213 615 2278 custodire
636 2218 665 2277 et
685 2215 790 2296 (ocem
811 2214 892 2277 sicut
909 2214 1076 2294 proecepit
1089 2212 1147 2276 tibi
1164 2213 1292 2295 Moyses

162 2335 246 2396 puer
267 2335 362 2380 oreas,
392 2320 420 2380 et
442 2335 506 2380 reon
527 2316 700 2381 (1111111113
726 2336 764 2380 ecc
787 2315 848 2379 illo
870 2316 984 2380 dextro
1005 2319 1063 2379 (1111
1083 2316 1226 2392 sinistro,
1255 2321 1295 2381 ut

166 2418 332 2501 inteliepos
353 2419 391 2481 111
413 2419 555 2483 conoides
577 2437 788 2500 quoecumque
810 2419 890 2500 opio.
927 2421 958 2482 et
983 2438 1050 2482 coa
1071 2417 1190 2482 recedet
1212 2419 1292 2486 tiber

129 2549 155 2588 so
168 2521 244 2603 lepis
265 2521 362 2585 teies
383 2541 421 2586 ec
443 2542 495 2586 ore
518 2526 578 2596 too,
609 2527 638 2585 et
659 2522 856 2587 meditaberis
883 2522 921 2585 iu
943 2539 977 2584 eo
998 2521 1049 2586 die
1070 2539 1108 2584 oc
1129 2524 1226 2604 diocte,
1256 2526 1294 2585 (11

167 2624 326 2689 custodies
347 2622 450 2704 fucere
465 2625 620 2689 uniuerso
634 2644 716 2705 quoe
730 2624 849 2703 scripto
864 2628 948 2687 scot.
971 2627 1047 2687 tuoe
1062 2622 1202 2705 diripom
1216 2624 1292 2687 aios

167 2731 241 2792 tuas
262 2730 293 2791 et
313 2731 388 2791 tanc
411 2727 582 2809 intelleges.
605 2747 669 2791 ecce
679 2728 829 2807 praecepi
843 2727 911 2804 tihi,
934 2725 1091 2790 incalesce
1106 2729 1136 2788 et
1149 2725 1292 2789 uiriliter

168 2851 246 2913 σφω
273 2851 341 2895 noc
368 2831 514 2911 estquod
535 2848 727 2910 expauescos
748 2849 846 2910 oeque
869 2829 989 2911 timeus,
1020 2829 1172 2908 quoniam
1193 2833 1293 2893 tecum

168 2938 212 2998 est
233 2933 383 2998 dominus
405 2932 482 2997 deus
504 2936 577 2996 tius
598 2933 636 2996 ic
658 2933 746 2996 omni
768 2932 843 2996 dcco.

128 3061 155 3100 ss
209 3037 248 3102 X.
272 3038 342 3101 Iam
364 3036 507 3117 superest
528 3036 571 3113 te,
602 3037 670 3100 siue
697 3036 733 3099 tu
760 3035 827 3099 siue
852 3033 1006 3114 Georgius
1030 3052 1110 3114 quae
1132 3033 1249 3116 geritis,
1264 3033 1291 3097 si

167 3141 240 3204 sunt
266 3140 427 3205 uenientia
455 3158 492 3203 ex
522 3138 573 3203 dei
601 3138 769 3215 mandatis,
798 3136 939 3218 probare.
986 3135 1076 3200 audis
1106 3136 1188 3200 enim
1215 3155 1289 3218 pro-

166 3242 349 3307 mittereac
377 3242 471 3306 deum
498 3241 639 3306 iuturum
667 3259 739 3304 oum
767 3257 950 3304 successore
978 3239 1106 3322 Moysis,
1135 3238 1290 3320 quomodo

166 3346 262 3410 luerit
285 3346 318 3410 et
340 3364 412 3409 oum
434 3346 553 3428 Moyse,
578 3345 605 3409 si
626 3343 719 3408 modo
743 3362 822 3424 quae
847 3341 919 3406 sunt
933 3341 965 3404 in
982 3341 1062 3405 libro
1076 3342 1158 3424 legis
1174 3341 1291 3422 scripta

167 3449 350 3514 seruauerit.
397 3449 421 3512 si
444 3449 540 3531 igitur
569 3449 606 3512 ut
626 3449 704 3512 haec
733 3465 826 3530 geras
854 3445 1006 3525 scriptum
1035 3464 1094 3509 non
1122 3445 1293 3522 inueneris,

270 3636 449 3701 1510s.1‚5
519 3637 552 3690 re
570 3635 606 3689 11.
625 3637 650 3700 1,
670 3636 736 3689 1-9
805 3602 808 3607 ’

216 3826 340 3880 21111111
360 3825 454 3893 Codeti,
473 3826 590 3878 arrianus
613 3826 659 3891 Vc,
676 3823 766 3876 Anius
783 3826 844 3876 tuus
863 3823 930 3889 fort.
1017 3822 1156 3891 qualesque
1175 3823 1291 3891 scripsi).

167 3914 256 3983 quales
275 3913 319 3981 qui
339 3914 378 3968 Vc
480 3910 628 3963 3ursatius
730 3909 973 3977 Agermanensium
994 3910 1046 3968 Vo;
1069 3926 1116 3963 em.
1136 3908 1222 3962 Oodeti

165 4002 183 4054 8
201 4001 286 4054 esset*
304 3998 329 4068 (t
346 3999 429 4063 eras.)
512 3996 542 4048 11
563 3993 685 4048 aduertas
704 4010 754 4049 om.
772 4011 788 4048 o
870 3993 902 4046 13
920 3997 1061 4076 coronatum
1143 3993 1175 4047 14
1191 3993 1290 4064 Moysis

166 4121 182 4158 o
286 4102 318 4155 16
336 4099 473 4168 dispiciam
543 4098 574 4150 17
587 4096 689 4150 custodi
702 4099 729 4150 et
740 4095 783 4149 fac
796 4096 939 4149 Sobatier:
956 4096 1029 4164 ἴσχυε
1042 4087 1094 4149 οὖν
1104 4095 1151 4148 καὶ
1163 4095 1289 4164 ἄσδρίζοσ

166 4190 357 4256 φυλάσσεσθαι
373 4185 420 4237 καὶ
430 4188 519 4237 ποιεῖν
537 4184 625 4236 LXX
692 4183 726 4235 22
743 4181 881 4250 intelleges
900 4186 1070 4247 (eseecasm.
1083 4184 1111 4250 1)
1182 4181 1289 4248 211111-

166 4291 294 4329 cessorem
311 4277 379 4327 1111
449 4269 483 4324 28
500 4285 607 4353 moysen

216 4393 299 4449 XIIII.
1180 4389 1201 4441 h
