2850 4754
131 336 194 401 312
619 330 766 384 Luciferi
868 387 871 391 ,

131 541 197 584 rem
222 521 402 594 uiolentam,
424 520 480 583 sub
502 519 590 600 pacis
612 536 687 582 uero
702 518 794 580 t'tulo
811 518 932 581 hostem
949 515 1138 580 subdolum?
1161 514 1246 578 doleo

134 624 217 704 quod
239 624 328 687 tanta
349 622 473 685 tibimet
496 620 682 703 adquisieris
704 619 804 693 mala;
827 619 919 700 lugeo
941 619 973 680 te
998 617 1080 699 quod
1105 617 1147 680 sis
1170 616 1248 680 omni

134 745 169 788 ex
200 726 289 808 parte
319 725 438 807 positus
469 724 534 787 sine
564 743 618 804 spe
646 723 731 786 uitae
760 722 913 787 aeternae.
952 721 1093 783 ceterum
1120 719 1197 782 lieet
1216 720 1249 781 tu

133 847 192 891 non
216 827 330 909 gladiis
352 827 476 890 tantum
499 827 624 890 scindas
647 825 783 901 nosmet,
817 824 873 888 sed
903 824 933 888 11
957 822 1102 887 dentibus
1124 821 1187 885 tuis
1211 821 1250 884 sis

131 930 297 1005 mandens,
328 932 432 993 tamen
461 929 550 991 tuam
580 929 699 992 rabiem
730 926 813 1009 quod
843 925 942 989 adeo
964 925 1099 1007 protecti
1122 943 1283 1007 supera-⁵

132 1032 193 1094 turi
223 1051 330 1095 sumus
360 1032 481 1095 certum
503 1032 590 1106 tene,
624 1049 680 1094 nee
711 1031 742 1093 in
767 1049 801 1093 eo
831 1048 887 1093 nos
917 1028 1077 1110 despicere
1106 1027 1250 1110 digneris,

134 1134 216 1216 quod
239 1134 348 1197 uideas
371 1152 500 1215 corpora
522 1134 628 1198 nostra
651 1133 790 1214 l'ragilia3
822 1131 905 1213 quod
936 1132 984 1194 est
1015 1131 1097 1193 enim
1124 1128 1250 1211 potissi-

132 1256 228 1312 mum,
253 1237 405 1317 sapientia
429 1236 525 1300 erecti
554 1255 589 1299 ac
613 1235 723 1299 muniti
754 1235 911 1312 ualemus,
945 1234 1096 1300 babentes
1127 1232 1252 1297 ornatus

134 1357 169 1402 ac
194 1340 387 1402 munimenta
409 1339 440 1402 in
463 1340 609 1404 cordibus
633 1358 668 1402 ao
693 1339 835 1402 sensibus
855 1338 978 1402 nostris.
1002 1336 1086 1400 unde
1101 1355 1183 1400 nunc
1199 1355 1252 1399 nos

136 1445 260 1505 ornatos
284 1442 449 1506 uidemus?
471 1443 553 1506 unde
576 1443 712 1506 munitos
736 1462 771 1505 ac
788 1442 873 1505 tutos
890 1460 957 1505 esse
975 1440 1149 1504 sentimus?
1172 1438 1252 1501 unde
1264 1466 1284 1503 11

135 1563 190 1607 nos
221 1545 377 1626 sapientes
408 1547 647 1626 cognoscimus?
678 1546 737 1609 nisi
768 1546 841 1627 quia
863 1546 894 1608 et
916 1542 1144 1625 blasphemiam
1166 1542 1250 1604 tuam

133 1646 269 1709 uitemus
286 1647 316 1709 et
332 1649 476 1711 mortalia
498 1667 628 1730 corpora
649 1650 756 1712 nostra
777 1650 831 1712 tuo
856 1647 921 1712 ensi
943 1647 1106 1728 gratanter
1128 1645 1251 1726 proptor

135 1747 185 1810 dei
207 1748 306 1811 filium
328 1749 507 1830 tradamus,
540 1751 674 1816 scientes
697 1752 796 1834 quod,
828 1771 900 1814 cum
928 1751 1087 1813 terrenum
1113 1749 1250 1812 nostrum

135 1851 328 1916 domicilium
349 1854 525 1919 interficere
548 1855 696 1934 ualueris,
720 1856 856 1919 caeleste
881 1853 963 1935 quod
986 1854 1159 1917 habeamus
1182 1850 1252 1932 quia

133 1954 308 2020 interficere
337 1975 397 2020 non
426 1958 536 2038 possis.
575 1957 695 2022 idcireo
727 1958 842 2022 etenim
871 1958 953 2021 bona
985 1956 1073 2020 nobis
1107 1953 1252 2035 malaque
1265 1975 1286 2015 1

133 2058 292 2138 proposita
321 2078 389 2122 esse
421 2061 580 2138 nouimus,
615 2061 652 2123 ut
673 2061 722 2124 uis
746 2060 844 2124 omnis
868 2059 1053 2140 prudentiae
1076 2057 1201 2121 nostrae
1223 2055 1254 2118 in

136 2159 348 2246 discernendis
371 2162 458 2225 bonis
482 2162 636 2244 malisque
658 2164 848 2227 uersaretur,
895 2161 970 2243 quid
993 2160 1120 2225 stultius
1142 2158 1203 2222 nisi
1223 2157 1254 2220 11

135 2263 284 2340 metuere,
311 2264 403 2328 deum
426 2271 562 2347 negare?
586 2266 661 2348 quid
684 2267 855 2348 sapientius
873 2285 966 2347 quam
982 2263 1152 2329 nefandum
1167 2262 1255 2324 tuum

137 2365 260 2429 calcare
289 2370 384 2449 caput
411 2370 442 2431 11
471 2369 530 2432 deo
559 2369 684 2450 propter
706 2370 764 2433 hoc
788 2369 913 2450 placere
936 2368 1075 2432 factum?
1112 2366 1184 2429 hinc
1209 2363 1255 2428 est

136 2470 219 2550 quod
245 2472 397 2554 perspicis
426 2473 567 2537 omnibus
595 2473 709 2536 nostris
737 2473 857 2537 uiribus
886 2491 941 2536 nos
969 2472 1052 2534 stare
1075 2469 1203 2550 paratos
1225 2467 1289 2531 ina

136 2590 234 2652 agone
256 2574 405 2652 iustitiae,
429 2576 491 2639 fide
512 2577 645 2658 integra,
669 2576 785 2640 uirtute
803 2576 927 2653 deuota,
951 2573 1055 2637 mente
1077 2569 1255 2651 incorrupta

138 2674 177 2736 ad
201 2676 300 2739 aciem
323 2678 407 2741 stare
436 2697 515 2760 quae
544 2697 599 2760 per
621 2679 653 2741 11
676 2679 795 2743 indicta
819 2678 876 2756 est,
905 2678 955 2741 dei
978 2676 1043 2739 uiui
1066 2675 1183 2738 milites
1205 2673 1255 2735 in·

136 2777 271 2842 territos.
310 2779 431 2843 fortiter
455 2781 549 2844 etiam
576 2781 719 2863 portatur
743 2801 760 2844 a
784 2781 871 2844 nobis
902 2780 1026 2844 scutum
1055 2777 1144 2854 fidei,
1175 2774 1256 2838 unde

136 2881 167 2942 11
195 2884 378 2963 protegente
408 2884 466 2947 deo
497 2883 649 2966 quidquid
677 2884 821 2948 manibus
849 2884 912 2946 tuis
937 2881 1079 2946 diabolus
1102 2877 1257 2942 iaculatur

136 2983 335 3064 extinguitur,
360 2985 434 3066 quia
456 2986 583 3049 calciati
607 2987 679 3049 sunt
701 2985 799 3050 nostri
822 2985 1005 3066 euangelica
1028 2981 1210 3065 magisterio
1228 2982 1292 3044 111

136 3088 248 3150 armati
262 3089 360 3168 pedes
376 3089 604 3176 calcari<bu>s
627 3090 663 3152 tu
677 3089 753 3153 licet
769 3090 811 3153 sis
836 3089 997 3170 augustus,
1022 3086 1078 3150 sed
1099 3085 1130 3148 in
1150 3086 1183 3148 11
1200 3085 1257 3148 ob·

133 3189 246 3253 teritur
267 3192 393 3272 rugiens
415 3193 446 3255 in
462 3193 601 3256 nostram
623 3192 792 3256 insontium
814 3210 923 3255 necem
942 3209 1078 3272 serpens,
1103 3187 1258 3270 siquidem

135 3293 277 3358 mordere
302 3294 333 3356 11
357 3295 557 3376 subplantare
578 3314 633 3376 per
656 3296 688 3358 11
712 3294 890 3358 carnificem
915 3313 1005 3357 suum
1033 3312 1092 3356 non
1121 3309 1257 3372 praeua-

71 3390 74 3396 ’
134 3396 215 3470 1111;
238 3396 337 3477 premi
362 3397 477 3461 etenim
500 3417 555 3462 nos
577 3417 633 3479 per
654 3398 686 3460 tc
710 3397 779 3461 uult
802 3397 889 3474 deus,
913 3415 973 3460 non
996 3395 1104 3476 utique
1129 3394 1256 3470 adhoc,

137 3500 172 3561 nt
203 3499 298 3563 fidem
329 3500 449 3581 iterque
481 3501 663 3565 deseramus
696 3500 944 3581 patriarcharum
979 3497 1191 3579 apostolorum
1222 3509 1293 3558 acci

136 3603 316 3685 martyrum,
340 3603 396 3665 sed
419 3604 455 3665 111
477 3603 579 3666 coacti
604 3623 622 3666 a
643 3604 675 3666 11
699 3603 824 3665 unicum
847 3619 961 3683 negare
983 3600 1082 3663 filium
1106 3599 1257 3662 11111111-

135 3705 200 3768 tem
225 3707 319 3769 etiam
342 3707 446 3772 subire
469 3726 530 3770 non
552 3725 743 3771 recusemus.
768 3725 828 3770 non
852 3724 958 3769 sumus
974 3704 1010 3766 ut
1024 3704 1059 3765 tu
1076 3701 1154 3766 adeo
1172 3699 1258 3765 stulti

187 3893 283 3961 3spae
376 3868 496 3946 decidas
600 3895 760 3963 Gdispicere
864 3893 1029 3961 8sapientia
1048 3890 1129 3944 erecti
1147 3889 1258 3959 scripsi,

136 3979 281 4046 sapientiae
298 3980 364 4032 recti
386 3980 424 4033 Vo
520 3981 551 4033 11
571 3981 703 4048 rapientes
799 3980 832 4034 12
849 3981 931 4033 uitem
1027 3976 1258 4031 1511111111.

138 4065 186 4118 alt.
262 4065 293 4117 17
313 4063 382 4134 quod
459 4070 487 4120 te
504 4069 629 4134 metuere,
648 4066 725 4120 deum
743 4067 854 4135 scripsi,
872 4068 956 4119 temet
974 4081 1035 4117 uere
1053 4063 1131 4116 deum
1152 4063 1192 4116 Vc

137 4150 169 4202 22
188 4150 231 4203 dei
252 4151 307 4205 uiui
323 4152 354 4214 V,
378 4150 461 4205 diuini
477 4170 493 4206 1
596 4153 628 4206 26
651 4153 760 4206 calcaris
864 4151 911 4205 scd
928 4152 1039 4220 scripsi,
1058 4151 1084 4200 11
1106 4148 1153 4215 Vc,
1170 4151 1261 4201 tamen

140 4237 309 4293 Galluadius
