2850 4754
422 390 464 444 De
482 405 535 444 non
552 388 682 458 parcendo
700 390 728 442 in
747 388 824 443 deum
842 387 1061 458 delinquentibus.
1233 389 1298 454 275

174 583 303 664 loqueos
327 601 454 665 magua,
478 585 507 646 et
529 581 620 645 uisus
634 580 703 645 eius
717 580 821 645 maior
836 579 951 644 ceteris.
974 578 1129 662 uiolatam,
1153 584 1183 643 et
1196 599 1296 645 coruu

174 684 257 749 illud
284 684 421 766 faciebat
448 683 563 748 bellum
590 702 661 748 cum
689 683 809 748 sanctis
842 686 871 747 et
897 681 1025 747 uolebat
1055 683 1210 748 aduersus
1232 703 1294 767 eos,

174 789 376 870 quoadusque
398 787 531 852 aduenit
545 791 687 852 uetustus
701 786 836 871 aarum,
860 791 889 852 et
903 785 1060 851 iudicium
1074 784 1160 852 dedit
1173 786 1296 851 sumetis

174 890 327 955 altissimi
348 891 409 975 dei,
438 891 686 973 etauticipeuit
712 894 843 975 tempus,
877 894 906 959 et
932 908 1065 972 ommam
1093 889 1296 959 attacorum

140 1005 160 1045 ⁵
174 995 289 1061 saucii.
313 999 344 1060 et
364 994 465 1060 eliud:
486 994 584 1060 bestia
607 999 725 1076 quarte
746 998 898 1076 quartum
919 1013 1051 1076 reguum
1066 977 1132 1062 e'oe't
1147 991 1184 1056 iu
1199 996 1295 1072 terro,

174 1099 256 1180 quod
278 1099 424 1163 emiuebit
446 1099 555 1163 ommia
577 1118 676 1181 reguo
698 1102 729 1162 et
749 1098 957 1164 maeeduoabit
985 1111 1106 1162 omuem
1128 1101 1245 1161 terram
1267 1099 1296 1160 et

173 1200 368 1266 eouculcabit
390 1221 460 1267 eam
481 1206 512 1265 et
532 1201 680 1267 coueidet.
716 1201 820 1266 decem
841 1220 963 1266 coruua
984 1201 1061 1280 uus,
1086 1200 1188 1266 decem
1208 1219 1294 1282 reges

172 1308 351 1389 exsurgent,
374 1309 403 1370 et
413 1308 487 1386 post
500 1316 550 1369 eos
564 1307 709 1387 exsurget
723 1303 809 1368 alius
824 1304 881 1385 qui
895 1303 1057 1385 superabit
1074 1303 1173 1368 mulis
1187 1321 1294 1367 omues

173 1410 229 1490 qui
252 1412 327 1473 aute
349 1428 419 1472 eum
440 1408 581 1490 fueruat,
605 1412 634 1471 et
648 1411 711 1472 tres
725 1406 859 1471 bumiles
872 1407 972 1489 tacut
985 1411 1013 1471 et
1027 1406 1124 1472 uerba
1139 1406 1293 1471 aduersus

130 1510 478 1576 ι061166116161611111
502 1512 648 1593 loquetur.
666 1515 697 1574 et
716 1514 842 1576 sauctus
863 1509 1014 1575 altissimi
1036 1511 1087 1576 dei
1102 1509 1291 1575 iuueterabit

171 1617 202 1678 et
223 1615 410 1698 excogitabit
431 1619 555 1680 mutare
578 1618 717 1695 temporo
739 1618 767 1678 ct
790 1615 896 1698 legem,
926 1618 955 1678 et
976 1613 1107 1678 dabitur
1121 1614 1171 1677 'iu
1192 1633 1295 1678 mauu

172 1718 250 1781 eius
274 1736 370 1799 usque
400 1717 443 1782 ael
472 1720 593 1798 umpus
622 1720 794 1798 tempomm
822 1721 851 1780 ct
878 1716 1050 1802 dimidium
1072 1717 1229 1796 uaporis.
1264 1720 1294 1780 et

171 1820 330 1886 iudicium
350 1820 466 1886 sedebit
488 1824 517 1884 et
539 1839 670 1901 reguum
684 1820 867 1901 transferet,
883 1813 921 1883 ut¹
932 1820 1118 1885 eotermiuet
1138 1819 1294 1900 aperiat

171 1943 269 2006 usque
291 1924 335 1988 ad
355 1924 464 2006 tuom,
492 1927 523 1988 ct
549 1943 681 2006 reatuum
708 1928 893 2005 etpotestas
921 1927 950 1988 et
971 1923 1293 2006 maguituda'roaum

135 2026 251 2092 esaum
273 2031 321 2093 est
341 2029 463 2092 sauciis
490 2027 644 2092 altissimi
668 2027 727 2091 dei.
758 2031 787 2090 et
813 2041 945 2110 reguum
966 2027 1034 2093 eius
1057 2029 1291 2109 sempiteruum,

171 2134 201 2194 et
218 2150 326 2195 omues
347 2132 376 2194 ei
398 2132 538 2196 seruieut
559 2135 587 2196 ct
609 2131 777 2198 oboediant.
810 2133 817 2187 J
919 2198 920 2201 ,
1150 2179 1159 2222 3
1188 2215 1189 2218 Ἴ

214 2233 331 2298 XXXI.
354 2234 533 2299 Debueram
548 2233 675 2315 quidem
690 2233 813 2297 tantum
828 2233 917 2298 illam
933 2234 1055 2314 partem
1069 2235 1187 2313 indere,
1202 2254 1292 2317 'quae

171 2335 204 2399 te
228 2335 368 2400 declaret
390 2356 445 2418 per
469 2338 661 2415 6611161166,
685 2337 810 2402 cuinam
833 2337 876 2402 sis
899 2337 1009 2402 similis
1024 2339 1212 2414 bestiarum3
1234 2339 1293 2404 ‘sed

171 2439 208 2502 111
231 2439 328 2504 scires
351 2440 384 2502 te
406 2440 439 2505 in
465 2440 523 2504 illa
549 2441 693 2522 gehenna
720 2439 869 2517 futurum,
896 2441 930 2504 in
959 2459 1021 2522 qua
1048 2441 1182 2505 bestiam
1202 2441 1293 2506 illam

132 2540 303 2605 amissam
331 2541 428 2607 refert
446 2543 612 2625 gloriosus
640 2542 783 2620 Danihel,
813 2542 1131 2622 11611666116116116,
1156 2544 1188 2608 et
1211 2563 1291 2627 quo·
1395 2535 1398 2541 ’

171 2643 265 2708 modo
289 2664 366 2726 quos
388 2645 585 2727 persequeris
612 2645 643 2708 in
675 2646 837 2710 aeternum
865 2645 927 2708 sint
953 2646 1114 2726 regnaturi
1141 2646 1174 2710 in
1195 2665 1292 2729 regno

171 2746 328 2811 conlocati
350 2747 476 2825 demini,
507 2767 567 2830 quc
592 2747 755 2812 aduertere
777 2766 896 2829 posses,
918 2748 996 2812 haec
1020 2748 1124 2812 omnia
1147 2749 1291 2814 adnecti-

170 2869 250 2914 mus.
288 2850 365 2915 item
397 2849 437 2914 ad
465 2852 525 2916 hcc
548 2851 727 2915 uniuersam
748 2850 974 2915 reuelationem
998 2851 1104 2915 censui
1128 2851 1291 2933 adplican-

172 2952 256 3031 dam,
280 2972 340 3035 quo
362 2955 398 3018 111
419 2954 544 3018 tibimet
566 2954 598 3019 et
621 2953 726 3018 saltim
740 2954 849 3036 legens
865 2951 1048 3023 satisfacere
1064 2972 1182 3034 posses,
1208 2955 1291 3037 quod

130 3066 157 3122 ³⁶
173 3055 256 3120 enim
283 3075 340 3120 uos
367 3055 489 3139 tyranni
519 3056 736 3137 persecutores
766 3055 817 3119 dei
843 3054 1004 3136 religionis
1026 3056 1147 3122 bestiae
1170 3056 1292 3132 meritis

172 3158 266 3233 dicti;
300 3157 429 3240 cupiens
454 3159 569 3223 etenim
593 3178 662 3223 sum
683 3177 817 3240 purgare
842 3157 925 3240 apud
946 3160 1035 3224 tuam
1060 3159 1210 3226 iniectam
1232 3181 1290 3225 ue-

170 3261 259 3325 nenis
274 3261 426 3326 Armanas
444 3261 601 3344 dogmatis
623 3260 857 3340 conscientiam,
882 3261 965 3343 apud
985 3263 1018 3327 16
1034 3281 1093 3327 non
1109 3262 1292 3346 religiosum

171 3363 228 3427 sed
249 3363 410 3445 religionis
433 3363 678 3442 destructorem,
709 3383 769 3428 non
791 3382 842 3428 me
864 3364 908 3433 ut,
923 3365 1060 3432 adstruis
1084 3384 1153 3435 esse
1177 3367 1291 3431 contu-

169 3463 347 3543 melissum,
371 3466 445 3547 quia
468 3464 572 3529 dicam
594 3466 627 3529 16
649 3464 749 3530 ieram
763 3465 899 3530 bestiam
914 3465 967 3530 uel
980 3467 1138 3532 inmanem
1152 3468 1289 3548 beluam,

128 3579 243 3632 uocum
264 3567 376 3632 uideas
399 3567 443 3632 sic
466 3587 524 3633 uos
546 3568 694 3646 uocitari,
722 3567 809 3632 iuxta
836 3567 922 3642 fecta
932 3586 938 3638 J
950 3570 1058 3634 uestra
1083 3570 1172 3634 uobis
1196 3571 1292 3635 etiam

170 3671 297 3739 nomina
326 3670 492 3753 adplicata.
529 3672 670 3738 cetarum
688 3673 829 3754 ,quartae
858 3671 943 3737 illius
972 3673 1092 3737 bestias
1120 3673 1151 3736 te
1181 3692 1291 3755 gerere

170 3773 418 3852 similitudinem,
441 3775 473 3839 16
496 3777 574 3839 haec
597 3774 728 3855 implere
752 3793 821 3848 6666
836 3774 1014 3856 cupientem
1030 3793 1110 3856 quae
1125 3775 1290 3857 illaprae-
1331 3799 1333 3805 ’

222 3960 235 4012 1
261 3959 401 4013 uidebatur
423 3966 489 4016 aute
511 3962 561 4015 boc
584 3961 699 4015 uerbum
723 3977 780 4014 mou
805 3962 981 4031 distingueris
1005 3978 1021 4014 o
1124 3961 1140 4013 2
1164 3962 1225 4016 illut

168 4047 185 4100 6
205 4046 338 4100 eminebat
355 4065 389 4101 m.
407 4053 423 4101 1
517 4049 532 4101 1
552 4047 690 4101 concident
708 4046 798 4101 decem
817 4064 837 4102 c.
857 4048 920 4102 eius.
938 4049 1037 4102 Decem
1054 4047 1095 4101 sie
1106 4041 1293 4119 distingueres

169 4150 185 4186 o
254 4133 833 4204 91166166666611116111116666916666
903 4133 1037 4187 idearum
1053 4149 1144 4201 regum
1156 4135 1221 4189 Lat.

170 4218 202 4270 16
220 4219 338 4272 6611111111
354 4224 422 4272 m.1
510 4220 543 4274 18
561 4218 710 4287 declarato
807 4219 841 4272 26
858 4235 899 4272 me
917 4234 1061 4288 purgaret
1160 4223 1225 4289 aput

166 4303 201 4355 27
220 4304 316 4357 arriani
333 4292 367 4359 a*
419 4291 486 4373 aput
686 4294 687 4297 ¹

1145 4409 1197 4462 ib*
