2850 4754
516 393 557 446 De
576 396 668 447 sancto
686 393 832 448 Athanasio
850 393 918 448 libor
934 394 954 448 I.
1258 395 1300 460 93

172 581 379 665 dormiebant,
402 582 556 662 quoniam
578 583 674 645 timor
688 583 811 647 domini
825 582 974 646 inruerat
989 583 1027 645 iu
1042 582 1124 647 ilios.
1148 586 1177 646 et
1191 587 1296 648 treus·

171 683 235 747 iuit
257 681 371 748 Dauid
393 688 505 749 contra
527 688 554 748 et
576 685 662 749 stetit
684 686 721 749 in
742 686 907 750 cacumine
928 685 1045 749 montis
1062 683 1164 767 ionqe,
1187 690 1299 750 eierat

171 807 325 870 maquum
346 787 408 850 iter
428 787 513 850 iuter
535 807 593 852 eos.
632 792 662 851 et
682 789 867 869 deprecatae
893 792 937 852 est
959 785 1074 852 Dauid
1091 788 1248 868 poputum
1270 793 1299 852 et

170 889 281 954 Abner
300 894 329 953 et
351 888 472 954 locutus
486 895 530 955 est
544 890 670 955 dicens:
692 910 758 954 ucu
772 891 948 972 respondes,
971 890 1104 955 Abuer?
1127 895 1157 955 et
1171 910 1298 973 respon

147 994 218 1058 ⁵dit
241 993 351 1058 Abuer
372 997 402 1056 et
422 994 527 1057 dicit:
560 994 631 1074 quis
659 1013 690 1057 cs
718 998 753 1058 tu
782 995 839 1075 qui
860 1012 954 1057 uoces
976 994 1048 1057 me?
1081 992 1158 1073 quid
1180 994 1248 1058 est?
1270 999 1298 1058 et

170 1095 255 1159 dicit
279 1094 392 1160 Dauid
413 1096 457 1160 ad
477 1096 606 1162 Abner:
627 1097 682 1160 uir
703 1101 738 1160 tu
760 1115 800 1181 es,
824 1096 944 1178 etquis
966 1097 1049 1161 sieut
1063 1100 1098 1159 tu
1113 1096 1151 1159 in
1166 1097 1297 1162 Israet?

170 1218 269 1280 quare
291 1219 356 1263 uon
379 1198 518 1263 custodis
538 1198 703 1262 dominum
724 1203 815 1263 tuum
836 1199 961 1282 repem?
983 1200 1136 1280 quoniam
1157 1199 1297 1263 iutrcuit

169 1324 255 1369 unus
281 1303 319 1366 de
341 1301 463 1385 populo
491 1302 670 1384 disperdere
690 1300 855 1367 dominum
885 1306 974 1367 tuum
1009 1323 1119 1385 repom.
1165 1322 1231 1366 nou
1253 1311 1296 1367 est

170 1410 286 1474 bouum
308 1407 363 1472 ioc
385 1406 468 1489 quod
489 1405 601 1486 fecisti.
638 1407 723 1469 uiuit
744 1406 902 1490 dominus,
925 1407 1078 1487 quoniam
1099 1406 1164 1487 itii
1185 1406 1294 1470 morti·

133 1527 157 1567 1⁰
169 1513 332 1594 [iectionis
346 1529 404 1574 uos
420 1513 505 1593 estis,
522 1510 655 1591 quinon
667 1509 844 1573 custodistis
857 1508 1133 1592 domiuumreqem
1145 1516 1294 1594 uestrum,

169 1616 321 1682 christum
344 1613 477 1677 domiui.
506 1617 535 1676 et
556 1631 642 1677 nuuc
663 1612 738 1676 uide
760 1611 815 1675 ubi
837 1616 881 1676 est
902 1611 1015 1677 iancea
1041 1613 1125 1694 repis
1152 1619 1180 1678 et
1202 1612 1295 1677 tentis

168 1739 271 1801 aquae
291 1737 372 1799 quae
394 1720 463 1780 crat
485 1716 528 1780 od
550 1719 646 1796 capnt
667 1715 743 1779 eius.
787 1719 816 1778 et
839 1715 984 1797 coquouit
1010 1735 1067 1780 reu
1089 1714 1170 1780 Saul
1192 1737 1295 1782 uocem

168 1820 284 1887 Dauid
306 1823 337 1884 et
351 1819 458 1883 dicit:
473 1838 536 1882 uon
550 1822 607 1881 tua
623 1817 708 1899 tinec,
722 1817 773 1899 uu·
788 1815 930 1883 Dauid?
944 1838 1055 1883 seruus
1071 1823 1154 1894 tuus,
1169 1819 1294 1883 domiue

167 1945 233 1990 reu.
256 1927 287 1988 et
308 1923 423 1987 adiecit
446 1921 575 1986 Dauid:
597 1921 732 2002 utquid
754 1921 809 1986 troc
828 1923 1029 2004 persequitur
1043 1922 1189 1987 dominus
1205 1944 1293 1989 meus

119 2047 155 2087 =1s
168 2032 252 2092 retro
274 2045 403 2091 seruum
424 2024 544 2089 suum?
567 2025 719 2105 quoniam
742 2025 820 2105 quid
841 2025 960 2107 deliqui
983 2029 1013 2090 et
1033 2046 1113 2106 quae
1136 2030 1181 2090 cst
1202 2046 1223 2089 u
1244 2048 1293 2091 me

168 2130 321 2195 matitia?
343 2133 372 2192 et
392 2147 479 2191 nuuc
501 2127 616 2191 audiat
637 2127 786 2191 dominus
808 2148 893 2192 meus
919 2148 975 2193 reu
996 2134 1095 2195 uerba
1122 2130 1207 2193 serui
1229 2132 1290 2212 sui,

166 2235 197 2298 si
228 2233 376 2298 dominus
402 2231 477 2295 deus
504 2230 621 2295 incutit
648 2234 677 2294 te
704 2231 742 2294 iu
772 2251 875 2295 meum
902 2231 1040 2296 dotorem
1073 2237 1103 2297 et
1124 2234 1291 2298 uictimam

166 2335 412 2414 unmotaticuis;
439 2333 522 2415 quod
548 2333 586 2397 si
604 2332 669 2414 utu
696 2333 876 2418 homiuum,
905 2334 1067 2400 maledicti
1094 2335 1129 2398 ii
1155 2337 1191 2399 iu
1219 2357 1292 2401 con·

168 2444 272 2522 spectu
294 2438 426 2519 domini,
450 2437 604 2519 quouiam
626 2438 779 2501 eiecerunt
801 2457 848 2501 me
870 2437 961 2501 iodie
983 2457 1047 2502 uou
1070 2440 1290 2521 confirmatum

131 2559 229 2607 nesse
251 2544 289 2606 in
311 2545 531 2605 testamentum
553 2540 677 2604 domiui
691 2541 846 2607 dicentes:
868 2542 959 2626 uude,
983 2542 1070 2606 serui
1083 2543 1149 2606 dias
1165 2545 1290 2609 ationis.

167 2651 195 2711 et
217 2667 302 2710 nuuc
324 2665 389 2709 nou
411 2645 499 2709 cadet
526 2645 660 2726 sanquis
681 2665 767 2709 meus
795 2646 833 2709 in
860 2651 976 2709 terram
998 2649 1071 2709 cute
1094 2651 1289 2726 conspectum

166 2750 304 2834 domiui,
338 2749 490 2830 quouimn
518 2749 595 2812 ecciit
623 2768 679 2812 reu
707 2748 811 2813 Israet
839 2768 987 2828 quaerere
1011 2746 1151 2827 pulicem
1177 2771 1288 2836 unum,

165 2853 247 2917 sicut
262 2853 466 2935 persequitur
487 2856 603 2916 noctuu
625 2852 662 2914 in
683 2851 850 2916 montibus.
873 2856 901 2916 et
923 2852 1008 2915 dicit
1028 2850 1127 2916 Saul:
1143 2855 1288 2936 peccaui,

166 2959 318 3033 conuerte,
350 2955 401 3036 uu·
422 2952 552 3039 Dauid,
587 2956 738 3035 quonium
766 2975 831 3020 nou
860 2955 1059 3037 motiquabor
1088 2955 1125 3018 in
1152 2960 1180 3021 te
1210 2957 1287 3042 iem,

129 3069 153 3109 2⁵
165 3058 234 3123 ideo
257 3058 410 3139 quoniam
431 3059 545 3121 anima
566 3078 636 3122 meu
658 3062 785 3140 acceptu
800 3062 844 3122 est
859 3062 934 3122 aute
949 3058 1053 3122 ocutos
1067 3063 1136 3123 tuos
1153 3059 1191 3122 in
1206 3059 1288 3124 diem

164 3160 257 3235 tuuc,
275 3161 312 3223 iu
327 3180 387 3240 quo
403 3161 519 3225 stuttus
532 3160 637 3241 fuctus
651 3176 731 3241 sum,
754 3165 784 3224 et
798 3161 949 3242 iquoroui
964 3160 1067 3225 multe
1081 3161 1286 3227 uehementer.

164 3267 192 3327 et
213 3263 378 3344 respondit
398 3262 513 3326 Dauid
534 3264 661 3328 dicens:
682 3283 745 3328 ecce
761 3263 981 3345 tcuceareqis,
1006 3264 1134 3329 accedat
1148 3284 1233 3329 uuus
1249 3284 1287 3328 eu·

158 3367 273 3447 pueris
294 3369 323 3428 et
341 3367 479 3447 accepiet
493 3386 571 3429 eom.
593 3371 622 3430 et
636 3367 782 3431 dominus
796 3368 943 3430 restituat
957 3367 1129 3448 uuicuique
1143 3367 1286 3430 iustitias

163 3473 192 3532 ct
206 3468 302 3550 utem
316 3487 418 3552 suum,
441 3469 523 3532 sicut
540 3469 675 3534 tradidit
697 3473 725 3532 te
739 3468 830 3533 hodie
845 3469 883 3532 iu
897 3470 1047 3533 manibus
1061 3469 1138 3532 meis
1152 3473 1181 3531 et
1195 3467 1287 3532 notui

128 3580 152 3620 ³⁰
163 3572 281 3635 inicere
304 3589 436 3634 monum
450 3591 553 3635 meum
570 3572 608 3634 in
626 3570 780 3636 christum
795 3572 927 3636 domiui.
951 3590 1015 3636 ecce
1029 3573 1112 3636 sieut
1126 3570 1284 3635 euuttmu‘t

162 3693 194 3738 se
216 3674 330 3737 anime
351 3678 408 3737 tuu
430 3674 468 3736 in
489 3673 573 3738 diem
594 3674 677 3739 tuuc
695 3679 769 3739 unte
784 3677 887 3740 ocutos
905 3694 997 3756 meos,
1021 3676 1067 3738 sic
1089 3674 1287 3755 siquipicetur

163 3777 276 3840 auimo
298 3795 368 3840 mea
389 3777 427 3839 iu
449 3782 613 3857 conspectu
634 3776 768 3859 domini,
792 3782 821 3842 et
842 3777 984 3858 abripiat
1006 3781 1103 3839 meet
1125 3780 1215 3840 eruat
1237 3797 1285 3842 me

163 3898 201 3942 eu
216 3878 361 3942 omnibus
376 3878 644 3943 tribulationibus,
668 3883 697 3943 et
711 3880 794 3957 dicit
811 3880 892 3945 Saul
907 3879 950 3943 ud
964 3877 1089 3946 Dauid:
1108 3879 1284 3944 benedictus

163 3985 209 4056 tu,
231 3981 293 4062 pu,
317 3986 346 4045 et
370 3980 507 4066 <facies>
531 3982 653 4063 faciens
676 3985 706 4045 et
724 3986 834 4062 pateus
849 3983 981 4063 poteris.

213 4132 245 4185 12
264 4149 373 4201 aq3quao
469 4133 501 4186 16
520 4134 560 4186 sui
579 4150 628 4188 om.
647 4152 663 4187 u
760 4135 792 4187 17
810 4136 870 4188 tuus
889 4135 1030 4208 incutitis
1048 4136 1075 4189 in
1093 4152 1143 4198 me,
1163 4134 1285 4188 odoretur

160 4219 296 4272 uictimam
314 4220 450 4272 Latinius
521 4221 553 4272 19
572 4223 712 4288 egeoorunt
781 4220 814 4273 32
832 4224 998 4289 conspectum
1015 4238 1049 4276 m.
1067 4227 1083 4275 1
1153 4220 1186 4273 34
1203 4220 1284 4274 facies

161 4304 227 4358 odd.
249 4303 430 4367 GattnnrMus,
448 4310 537 4356 ποιῶν
554 4306 677 4372 ποιήσεις
694 4305 782 4360 LXX
