2850 4754
130 413 194 478 244
619 405 767 460 Luciferi

131 608 213 669 entes
242 601 393 684 quomodo
416 601 576 682 punirent
606 617 655 663 eos
679 599 814 679 propter
831 592 997 676 populum.
1036 610 1143 658 omues
1172 593 1249 658 enin

130 706 381 788 honorificabant
409 704 502 768 deum
529 702 566 765 in
595 701 689 782 facto.
729 716 890 763 annornm
912 699 983 760 erat
1005 693 1088 777 plus
1111 695 1249 777 ‘quadra

129 810 222 892 pinta
243 808 341 887 tomo,
366 808 403 871 in
426 826 486 887 qno
507 807 632 888 factam
654 805 700 867 est
721 800 848 885 manum
868 796 1031 864 sanitatis.
1052 797 1184 863 dimissi
1198 819 1250 863 au-

130 917 190 975 tem
210 914 367 975 uenerant
389 910 433 973 ad
453 927 526 972 snos
549 911 579 972 et
600 905 778 970 retuterunt
799 907 923 986 quanta
946 901 990 966 ad
1005 899 1082 966 ellos
1090 900 1252 985 principes

129 1015 324 1080 sacerdotum
346 1017 375 1077 et
397 1013 534 1076 seniores
555 1011 718 1085 diamant.
756 1012 790 1071 at
812 1006 957 1071 atticum
980 1004 1166 1086 audissent,
1195 1022 1280 1070 unos

132 1118 239 1182 animo
269 1116 463 1181 leuauerunt
488 1133 594 1179 uocem
622 1112 666 1177 ad
693 1112 858 1176 dominnm
880 1114 910 1175 et
931 1110 1102 1174 dixerunt:
1135 1109 1253 1175 domiue

133 1224 167 1285 tn
189 1221 264 1284 deus
286 1220 342 1301 qui
369 1219 471 1301 fecisti
498 1217 620 1283 coenem
642 1219 672 1281 et
691 1220 812 1281 terram
835 1219 974 1278 otmaro
996 1216 1028 1277 et
1047 1212 1160 1277 omnia
1182 1231 1253 1295 qun

132 1325 170 1386 in
198 1324 243 1388 eis
270 1326 347 1387 sunt
374 1322 431 1403 qni
456 1341 514 1403 per
542 1321 695 1402 spiritum
724 1322 872 1383 sanctum
901 1321 932 1382 et
959 1336 994 1382 os
1019 1316 1131 1398 patris
1159 1316 1253 1382 nostri

131 1426 244 1491 Dauid
262 1427 357 1506 pueri
380 1426 430 1489 tnr'
450 1425 585 1490 dixisti:
617 1443 716 1504 quare
744 1423 943 1503 fremuerant
969 1424 1075 1503 pentes
1098 1424 1127 1484 et
1145 1417 1253 1502 popuii

5 1595 12 1609 ‚
132 1529 277 1592 meditati
302 1533 378 1593 sant
403 1528 548 1593 inania?
581 1527 775 1592 adstiterunt
802 1545 887 1609 repes
916 1529 1017 1590 terrae
1047 1528 1076 1588 ct
1093 1523 1279 1606 principun

132 1637 345 1697 conuenerant
360 1633 397 1696 in
412 1650 513 1696 unum
529 1630 684 1695 aduersus
699 1630 866 1694 dominum
877 1633 912 1720 et
927 1627 1083 1693 aduersus
1097 1625 1253 1694 Christum

132 1736 208 1801 eius.
254 1738 468 1800 conuenerunt
490 1735 577 1799 enirn
598 1753 671 1798 uere
692 1733 729 1796 in
752 1732 811 1798 bac
834 1732 964 1796 ciuitate
986 1731 1145 1795 aduersus
1168 1746 1252 1794 sanc·

133 1842 201 1902 torn
227 1839 332 1921 fitium
361 1843 450 1902 tunm
479 1838 586 1902 lesum
619 1856 709 1918 quem
738 1835 863 1901 unxisti
895 1834 1035 1925 Herodes
1063 1837 1093 1898 et
1123 1831 1253 1898 Pontius

132 1941 261 2006 Pilatus
290 1962 361 2007 curn
387 1941 530 2024 pentibus
559 1945 588 2004 et
608 1939 743 2022 populis
765 1938 870 2004 [muel
899 1941 1003 2021 focem
1032 1957 1116 2019 quac
1146 1953 1253 2001 manus

131 2049 189 2110 tua
211 2049 239 2109 ci
261 2045 430 2110 consilinm
439 2044 620 2127 praefiniit.
645 2047 676 2108 et
690 2063 788 2125 nnnc,
811 2043 945 2123 danine,
968 2041 1087 2122 respice
1103 2041 1141 2104 in
1156 2040 1279 2104 minsis

132 2166 237 2212 marn
252 2151 281 2211 et
295 2147 339 2211 da
354 2147 455 2212 ser-uis
478 2147 542 2211 tais
564 2166 634 2210 enm
658 2146 746 2209 omni
767 2145 889 2228 fiducia
909 2143 995 2226 ioqui
1009 2143 1144 2208 uerbum
1160 2147 1250 2224 tuum,

132 2252 209 2315 darn
237 2251 378 2315 extendis
405 2270 523 2315 manus
551 2250 595 2313 ad
623 2250 780 2314 sanitates
803 2269 840 2313 ac
861 2251 956 2331 sipna
979 2253 1007 2313 et
1030 2246 1188 2329 prodictu
1208 2244 1251 2328 s·

134 2354 247 2426 ciendo
264 2374 324 2435 per
345 2373 458 2418 nornen
480 2353 585 2418 saneti
605 2352 670 2434 nin
685 2353 734 2415 tui
750 2352 834 2416 Iesu.
856 2356 885 2416 et
899 2371 972 2415 cnm
986 2353 1139 2434 orassent,
1162 2352 1252 2413 motus

132 2460 175 2521 est
199 2457 282 2521 iocus
303 2457 340 2520 in
363 2475 423 2537 qno
444 2460 536 2520 erant
559 2456 754 2539 conprepatt,
783 2458 814 2519 et
833 2454 945 2535 repleti
966 2457 1044 2547 sunt
1065 2462 1174 2518 omnes
1195 2449 1251 2533 spi·

133 2560 201 2622 ritu
223 2563 342 2639 sancto,
367 2563 397 2624 et
419 2559 626 2641 loquebantur
648 2557 779 2621 uerbum
800 2557 853 2621 dei
875 2576 946 2620 curn
969 2557 1057 2622 omni
1078 2556 1210 2638 (idacio.
1262 2560 1279 2602 i

176 2662 278 2726 XVII.
317 2662 350 2727 Si
373 2662 529 2744 collegisti
551 2661 616 2725 iam
638 2661 753 2725 cuncta
775 2678 831 2724 cur
853 2661 931 2725 haec
960 2658 1200 2741 protulerimus,
1231 2653 1252 2719 si

133 2765 273 2830 inbibisti
296 2785 387 2831 omne
410 2766 534 2847 penitus
557 2764 811 2846 praescriptionis
836 2764 960 2829 nostrae
982 2761 1187 2840 deuterium,
1210 2759 1252 2824 oi-

134 2885 205 2931 eere
241 2867 371 2933 audebis
404 2869 537 2933 ulterius
571 2886 627 2932 nos
663 2886 732 2932 esse
765 2866 968 2948 petulantes?
1006 2863 1253 2948 qnandoquidem

134 2969 245 3033 uideas
274 2988 330 3034 nec
362 2971 520 3052 apostolos
549 2970 660 3035 beatos
689 2970 883 3051 temperasse
915 2968 1048 3032 ducibus
1070 2966 1253 3032 Iudaeorum

135 3089 192 3135 nec
214 3072 307 3136 minis
338 3073 542 3138 succubuisse
573 3092 697 3152 eorum,
733 3073 790 3138 sed
819 3073 921 3156 magis
950 3069 1106 3152 intrepide
1140 3082 1280 3152 sempera

137 3172 262 3238 duxisse
286 3173 327 3237 ad
350 3177 503 3255 effectum,
528 3177 588 3241 sibi
612 3176 793 3259 delegatum
814 3175 948 3240 totidem
972 3174 1068 3240 etiam
1092 3173 1145 3237 dei
1165 3190 1252 3257 popu-

135 3277 202 3341 lum
222 3295 283 3340 non
303 3277 405 3342 solum
426 3298 486 3343 non
503 3271 605 3344 ¹fuisse
626 3279 826 3361 perterritum
842 3277 1138 3343 comminationibus
1157 3277 1252 3340 inerc-

138 3379 293 3457 dulorum‚
324 3381 380 3445 sed
404 3382 499 3446 etiarn
521 3382 618 3447 finisse
642 3383 859 3459 obsecratum,
881 3383 917 3445 ut
938 3379 1090 3444 fiduciam
1110 3375 1253 3462 loquendi

137 3484 409 3566 constantiamque
444 3485 632 3550 defendendi
664 3486 833 3551 ueritatem
866 3484 978 3550 fuisset
1011 3484 1163 3566 apostolis
1198 3481 1253 3548 suis

138 3575 286 3675 dignatus
306 3587 445 3652 tribuere
470 3588 557 3652 deus.
595 3588 621 3652 si
644 3588 740 3671 igitur
762 3589 821 3652 hoc
846 3588 878 3653 et
900 3589 939 3652 ab
964 3587 1129 3668 apostolis*
1142 3587 1280 3652 casune

138 3690 185 3751 est
212 3690 314 3755 beatis
345 3691 376 3754 et
404 3691 528 3785 populis
558 3690 616 3755 deo
646 3691 760 3754 dicatis
788 3691 820 3754 et
845 3709 906 3754 non
929 3691 1001 3755 sunt
1022 3708 1125 3772 neque
1149 3687 1252 3754 contr-

137 3808 243 3856 maces
265 3811 366 3875 neque
389 3793 567 3874 petulantes
591 3793 666 3857 dicii
692 3812 710 3857 a
733 3792 801 3871 deo,
826 3793 909 3876 quod
931 3793 1105 3857 restiterint
1126 3789 1252 3857 inimicis

140 3892 221 3971 eius,
256 3895 411 3976 quomodo
442 3914 498 3960 nos
528 3895 661 3960 dicimur
684 3915 702 3960 a
723 3897 755 3961 te
784 3896 908 3978 superbi
938 3895 1118 3978 petulantes
1149 3894 1252 3960 eontu-

188 4105 343 4201 lpirnirent
447 4133 479 4186 13
498 4135 611 4188 unexisti
698 4135 731 4188 14
749 4152 824 4205 quem
912 4135 944 4188 15
962 4136 1101 4190 concilium
1120 4137 1210 4192 Tiline
1226 4132 1252 4185 in

136 4233 211 4287 notis
282 4236 456 4305 praefingito
533 4234 564 4291 16
583 4203 610 4290 dt
628 4237 661 4305 (⁸⁴¹
678 4255 712 4292 m.
733 4237 792 4306 alt.)
879 4237 913 4291 22
932 4253 1034 4293 omnem
1121 4238 1156 4294 23
1173 4252 1216 4293 noi
1231 4251 1251 4300 o,

128 4332 183 4371 non
209 4319 236 4374 V
299 4320 333 4377 29
350 4320 433 4379 fuisse
503 4321 538 4378 32
554 4323 656 4378 inimici
