2850 4754
133 350 136 355 Ι
169 376 232 442 206
657 373 809 429 Luciferi

169 584 250 648 quae
272 564 393 629 iceutus
410 567 455 626 est
468 563 616 627 domiuus
631 562 668 627 ei.
692 566 761 626 erat
774 565 880 626 cutem
896 563 1024 626 Niucue
1040 561 1157 626 ciuitas
1171 583 1292 645 mcpuu

171 669 248 733 adeo
264 668 346 732 sicut
360 668 422 730 iter
437 666 547 731 tridui.
572 669 601 730 et
611 666 710 746 coepit
719 664 821 728 Ioues
833 666 967 729 iutroire
981 667 1016 729 iu
1033 666 1195 730 ciuitatem
1209 667 1293 730 sieut

169 772 230 836 iter
244 772 309 836 diei
322 771 431 852 uuius,
449 774 478 834 et
491 769 692 850 praedicauit
707 772 735 832 et
749 769 852 833 diuit:
867 768 971 833 adduc
987 770 1103 846 triduo,
1119 773 1149 833 et
1163 769 1292 834 Niueue

169 872 375 940 subuertetur.
398 871 1292 954 eteredideruutuiriNiueuituedeoetprecdicuueruut

169 979 326 1042 ieiuuium
347 983 375 1042 et
391 978 573 1042 uestieruut
585 995 617 1040 se
633 976 740 1040 cilicie
755 996 776 1039 u
791 977 932 1040 mcuimo
947 996 1044 1058 usque
1060 976 1107 1040 ed·
1119 977 1291 1042 minimum
1315 999 1328 1040 ⁵

169 1100 286 1145 eurum.
321 1084 352 1144 et
366 1081 515 1162 pcrueuit
536 1081 667 1145 uerbum
689 1099 787 1161 usque
809 1080 853 1144 ed
873 1100 974 1162 repem
996 1082 1134 1161 Nineue,
1163 1085 1193 1146 et
1214 1100 1288 1146 sur-

167 1185 252 1250 reuit
272 1184 310 1249 de
331 1185 400 1249 sede
421 1203 481 1248 sue
504 1189 532 1248 et
554 1184 686 1249 abstulit
707 1207 728 1249 c
750 1203 782 1248 se
803 1183 918 1248 stolam
931 1203 1024 1248 sucu
1040 1189 1069 1249 et
1083 1183 1290 1251 circumdedit

168 1307 200 1355 se
221 1287 362 1352 cilicium
385 1291 415 1352 et
434 1287 515 1352 sedit
536 1306 630 1368 super
652 1288 797 1352 ciuerem.
820 1291 850 1350 et
864 1286 1093 1368 praedicatum
1113 1292 1162 1353 est
1181 1308 1289 1370 crepe

170 1389 297 1455 Niueue
318 1395 349 1455 et
369 1411 391 1454 c
413 1390 653 1473 meqistrutdrus
673 1390 773 1469 itlius,
797 1391 922 1455 diceus.-
943 1390 1084 1456 homiues
1105 1395 1136 1456 et
1150 1394 1289 1474 pecudes

168 1497 197 1557 ei
218 1494 307 1557 boues
329 1497 357 1556 et
379 1513 451 1558 oues
472 1492 557 1558 uidit
579 1498 713 1576 qusteut
745 1493 800 1558 sed
828 1515 883 1558 uec
910 1499 1082 1560 uescuutur
1111 1500 1140 1560 et
1169 1516 1288 1578 equum
1301 1515 1325 1555 u

168 1615 234 1660 ueu
255 1596 373 1661 bibeut.
395 1601 425 1661 et
445 1598 719 1662 circumdederunt
739 1617 770 1662 se
786 1597 893 1661 cilicia
908 1597 1050 1663 domiues
1064 1603 1093 1663 et
1107 1599 1286 1680 proclama-

169 1705 286 1768 ueruut
306 1700 444 1767 domiuus
472 1704 503 1765 ct
516 1700 654 1782 pecudes
682 1703 770 1782 apud
795 1701 889 1766 deum
915 1701 1081 1787 instanter,
1110 1703 1141 1766 ct
1166 1705 1289 1768 reuersi

169 1811 245 1873 suut
265 1806 478 1889 unusquisque
501 1825 522 1869 c
542 1804 602 1868 uie
629 1822 689 1869 suu
712 1802 799 1884 mutu
827 1805 916 1869 ctub
940 1805 1109 1887 iuiquitete
1131 1825 1287 1870 muuuum

167 1930 309 1989 suerum,
333 1911 486 1976 diceutes:
513 1909 585 1990 quis
606 1908 700 1974 scrisit
726 1909 755 1972 si
770 1908 989 1990 pecuitebitur
1009 1910 1085 1974 deus
1115 1914 1145 1975 et
1166 1914 1288 1975 auertet

168 2014 207 2078 ab
227 2015 282 2077 irc
302 2013 425 2095 furoris
445 2013 498 2077 sui
525 2017 554 2076 et
575 2032 640 2077 ucu
658 2012 861 2093 perdimus?
904 2017 933 2077 et
954 2012 1039 2077 uidit
1061 2014 1138 2078 deus
1159 2033 1287 2095 operam
1301 2031 1325 2070 1⁵

169 2118 306 2199 illerum,
328 2119 407 2198 quie
429 2116 549 2181 reuersi
569 2120 647 2181 suut
666 2117 882 2199 uuusquisque
909 2137 931 2181 e
953 2118 1012 2181 uic
1033 2136 1095 2181 sua
1116 2118 1216 2185 mule.
1260 2121 1290 2181 et

162 2221 330 2303 pceuitru't
350 2221 443 2286 deum
465 2219 502 2283 de
523 2218 735 2303 mciipuitete,
759 2240 824 2303 que
847 2221 968 2284 locutus
990 2225 1034 2285 est
1055 2220 1160 2302 fucere
1182 2221 1236 2301 eis,
1260 2225 1289 2284 et

166 2344 230 2388 ueu
251 2324 333 2405 fecit.
364 2327 392 2388 et
414 2323 618 2390 coutristetus
646 2326 693 2387 cst
712 2322 815 2386 Ioues
842 2323 978 2388 tristitie
1007 2344 1128 2408 meque
1155 2329 1184 2388 et
1212 2343 1287 2388 cou-

165 2427 369 2512 fuudebetur,
402 2431 431 2490 et
459 2426 566 2490 creuit
595 2426 683 2505 apud
705 2427 797 2490 deum
818 2427 945 2493 diceus:
978 2429 1150 2512 odcmiue,
1180 2447 1287 2492 ueuue

166 2529 242 2595 daec
263 2535 339 2594 suut
353 2529 451 2595 uerbu
473 2549 553 2614 mec,
577 2549 647 2594 cum
670 2528 773 2594 adduc
796 2549 890 2594 essem
910 2530 949 2594 iu
970 2531 1074 2594 terre!
1101 2530 1171 2596 ideo
1188 2550 1287 2612 prae·
1301 2543 1328 2584 ²⁰

166 2653 394 2714 occupauerum
407 2632 515 2715 supere
530 2631 567 2696 iu
586 2631 729 2716 Therses,
746 2633 901 2716 quouiam
914 2633 998 2697 sciui
1012 2634 1090 2714 quic
1104 2638 1139 2698 tu
1154 2634 1288 2699 miseru-

166 2741 216 2802 ror
236 2741 266 2800 et
286 2735 451 2801 deuiucdus
458 2736 591 2817 peticus
613 2740 640 2799 et
662 2737 841 2800 misericors
855 2740 885 2800 et
898 2737 1064 2818 peeuitcus
1077 2736 1115 2801 iu
1130 2738 1287 2821 mediqui-

166 2841 294 2925 tetrius,
318 2839 350 2903 et
363 2838 460 2903 infru:
485 2843 515 2903 et
528 2838 614 2902 dicit
628 2838 703 2902 deus
718 2838 762 2902 cd
777 2839 909 2905 Iouem:
930 2841 958 2904 si
972 2841 1069 2905 uelde
1083 2841 1288 2906 coutristetus

165 2945 243 3006 estu
253 2961 350 3023 super
364 2941 568 3019 cucurbitam,
581 2941 675 3006 uelde
686 2943 891 3007 ceutristetus
901 2961 972 3006 sum
982 2944 1134 3025 usquead
1145 2948 1287 3010 mortem.

166 3051 196 3111 et
217 3045 301 3109 dicit
322 3046 485 3110 domiuus:
508 3049 543 3108 tu
558 3045 731 3125 pepercisti
753 3044 941 3125 cucurbitae,
964 3047 1002 3110 iu
1024 3067 1089 3128 quc
1110 3068 1176 3112 uou
1198 3047 1285 3112 lebo—
1299 3053 1325 3094 ²⁵

165 3149 257 3230 rusti,
292 3168 388 3229 ueque
417 3149 550 3212 uutristi
578 3168 658 3233 eum,
691 3168 772 3229 quae
800 3149 856 3213 sub
886 3153 974 3214 uccte
1002 3154 1083 3214 uctc
1112 3155 1158 3216 est
1179 3156 1209 3216 et
1224 3172 1287 3232 per

164 3255 285 3318 uectem
301 3253 397 3333 perit.
442 3271 495 3334 epo
522 3256 628 3316 cutem
657 3271 723 3315 ueu
746 3271 883 3333 pureum
912 3253 949 3316 iu
972 3252 1099 3318 Niucue
1121 3254 1285 3319 ciuitatem

166 3375 328 3439 uuquam,
352 3355 389 3418 iu
412 3375 476 3436 quc
497 3356 646 3420 dubitaui
666 3355 744 3439 plus
772 3376 870 3437 quum
892 3361 1014 3421 ceutum
1036 3357 1156 3441 uipiuti
1177 3357 1287 3422 miliia

165 3456 330 3522 domiuum
352 3459 407 3541 qui
421 3477 485 3522 uou
499 3459 664 3523 sciueruut
677 3459 837 3523 deuterum
853 3464 910 3524 cut
925 3461 1116 3526 siuistrcm?
1139 3459 1171 3524 et
1184 3461 1284 3537 trram,

167 3558 338 3641 Constanti,
370 3580 496 3644 operum
523 3563 694 3645 malignam
724 3563 750 3627 si
771 3563 921 3628 reiecisse
942 3564 976 3628 te
997 3563 1114 3629 uiderit
1143 3564 1231 3642 deus,
1256 3564 1282 3628 si
1298 3569 1331 3610 ³⁰·

267 3837 300 3890 23
317 3836 372 3891 Ion.
389 3838 417 3902 4,
435 3838 517 3892 9-11

217 4112 293 4179 lque
362 4113 441 4168 iudi
509 4083 604 4172 3un¹us
671 4118 812 4171 4niniuite
880 4116 1021 4170 5cilici0u
1089 4088 1224 4168 miuimdm

164 4197 180 4250 9
198 4197 309 4281 nineeue
379 4200 409 4254 11
421 4200 539 4256 homines
551 4207 579 4257 et
590 4203 702 4272 pecudes
715 4205 742 4256 ci
752 4201 978 4283 preclumuuerunt
987 4201 1107 4255 homines
1126 4199 1196 4270 apud
1213 4201 1285 4255 ceui.

163 4281 251 4342 ueteri
319 4285 352 4338 17
370 4303 446 4356 quem
465 4287 594 4342 Subatier
662 4287 695 4339 25
714 4289 741 4339 et
758 4285 837 4340 dixit:
854 4286 931 4341 uelde
949 4287 1085 4342 Latiuius
