2850 4754
506 398 547 451 De
566 400 656 452 sancto
675 397 820 452 Athanasio
838 397 905 451 liber
921 397 953 450 Π.
1232 400 1290 464 157

174 606 240 650 cum
262 589 443 668 persecutor
467 587 518 651 dei
533 586 702 668 religionis,
726 605 798 650 cnm
812 588 845 650 te
861 586 946 649 eirca
961 585 1028 649 eius
1045 585 1181 649 cultores
1196 605 1290 667 prae·

172 690 243 754 beas
256 689 446 766 carnificem,
464 688 618 771 quomodo
630 689 746 770 poteris
762 688 885 769 sapiens
897 688 946 751 uir
961 688 1092 751 inueniri
1105 686 1216 751 similis
1231 688 1288 765 illi,

172 809 260 872 quem
285 791 398 856 dixerit
420 791 564 856 dominus
580 809 674 872 supra
688 792 811 872 petram
826 789 1011 854 aedificasse
1029 789 1156 854 domum
1179 795 1290 855 suam?

210 893 264 957 VI.
289 892 354 958 Sed
374 894 478 977 inquis
501 895 610 958 contra
637 894 730 958 haec:
764 914 827 958 aon
848 913 917 958 sam
940 893 1104 973 tespicus,
1133 913 1187 976 epo
1214 896 1290 956 aoae'

149 1010 212 1060 sone
233 998 427 1077 sapientem..
463 995 488 1060 si
521 996 644 1077 sapiens
674 1014 717 1073 es,
746 1015 802 1060 cur
831 1015 868 1059 ea
896 995 998 1059 fecisti
1029 996 1123 1078 atque
1152 1014 1184 1059 es
1208 995 1289 1060 faoi·

171 1117 220 1164 ens
257 1118 339 1180 quae
376 1098 434 1164 soli
467 1100 597 1180 possunt
634 1098 737 1164 facere
774 1099 976 1181 insipientes?
1025 1099 1053 1161 si
1087 1117 1120 1161 es
1154 1098 1288 1180 sapiens,

169 1220 220 1265 cur
245 1202 387 1267 damnari
408 1202 567 1267 mandasti
588 1202 764 1266 inauditum
788 1192 971 1266 absentem?
1016 1221 1071 1265 cur
1092 1202 1288 1267 innocentem
1338 1284 1340 1287 Ι

167 1305 354 1387 praecepisti
382 1304 540 1370 interfici?
584 1324 639 1369 cnr
669 1305 719 1370 dei
748 1304 928 1369 sacerdotes
963 1304 1150 1369 desiderasti
1183 1305 1289 1369 hostes

170 1407 217 1473 dei
239 1407 331 1472 fieri?
359 1426 459 1489 neque
483 1407 564 1472 enim
587 1408 706 1489 possint
728 1407 779 1470 dei
803 1406 885 1471 effici
908 1406 1000 1470 amici
1015 1425 1069 1488 per
1084 1407 1143 1472 hoc
1160 1406 1288 1484 factum,

138 1528 237 1573 ocum
262 1510 421 1575 dominum
437 1510 520 1575 scias
544 1509 659 1574 dixisse
676 1509 838 1591 apostolis:
861 1510 891 1573 st
911 1511 1050 1591 feceritis
1071 1510 1152 1591 qaod
1173 1511 1290 1574 muodo

167 1612 261 1690 uobis,
290 1614 356 1676 torro
385 1632 450 1676 aea
479 1613 585 1676 decom
618 1632 674 1676 uos
705 1632 820 1692 seruos,
855 1613 909 1676 sed
941 1613 1067 1676 amicos.
1115 1612 1141 1676 si
1164 1613 1287 1694 sapiens

168 1733 208 1792 es,
238 1733 296 1779 cur
319 1714 485 1779 damnante
507 1716 539 1778 te
562 1715 769 1778 Athanasium
793 1713 843 1778 dei
867 1714 1014 1778 sacerdos
1043 1714 1144 1778 audiri
1168 1716 1287 1782 debeo?

166 1817 198 1880 tu
235 1837 307 1881 eum
340 1835 453 1882 causas
486 1818 646 1898 praestare
677 1818 900 1900 allegationum
930 1836 1056 1881 suarum
1092 1818 1219 1882 minime
1255 1837 1288 1883 es

165 1924 298 2000 passus?
320 1921 347 1984 si
370 1920 494 2002 sapiens
513 1939 556 1997 es,
581 1922 658 1985 sies
681 1920 732 1984 dei
755 1920 864 1996 cultor,
889 1937 944 1984 cur
966 1939 1032 1997 nos,
1056 1920 1129 2003 quia
1152 1919 1286 1985 Christi-

133 2039 154 2078 1⁵
166 2039 239 2086 anos
274 2040 343 2088 esse
381 2022 558 2099 fateamur,
597 2022 815 2104 persequeris?
870 2040 925 2084 cur
967 2040 1020 2086 eos
1060 2022 1112 2103 qui
1151 2041 1184 2086 se
1225 2041 1285 2087 non

166 2122 299 2188 dixerint
334 2143 403 2189 esse
438 2124 642 2201 Christianos,
677 2125 733 2188 sed
766 2125 923 2188 fateantur
957 2144 990 2190 se
1026 2143 1094 2189 esse
1128 2125 1286 2202 Arrianus,

164 2227 366 2292 uehementer
390 2226 517 2309 diligis?
540 2228 566 2291 si
590 2228 713 2308 sapiens
737 2245 780 2305 es,
804 2246 859 2290 cur
883 2228 923 2291 ad
947 2228 1074 2293 domum
1098 2228 1148 2292 dei
1171 2229 1286 2293 misisti

166 2347 258 2411 saepe
281 2329 415 2395 militem
439 2330 615 2394 armatum?
637 2330 664 2394 si
685 2330 821 2412 prudens
839 2349 872 2395 es
889 2331 920 2394 et
936 2330 986 2394 dei
1001 2332 1033 2394 te
1050 2331 1132 2395 nosti
1148 2351 1285 2409 sernum,

165 2450 219 2496 cur
242 2432 310 2496 eius
333 2433 482 2514 populum
507 2433 601 2497 armis
625 2452 658 2496 es
680 2433 864 2514 persecutus
888 2435 981 2514 atque
997 2435 1215 2516 persequeris?
1230 2452 1286 2498 cnr

131 2536 322 2616 apostremo
355 2535 452 2600 fidem
483 2535 687 2618 apostolicam
716 2537 810 2618 atque
843 2537 1059 2620 euangelicam
1094 2537 1285 2600 haereticam

165 2637 243 2702 dicis
268 2637 300 2702 et
320 2638 513 2701 haereticam
536 2638 726 2702 catholicam
748 2640 952 2720 pronuntias?
969 2641 1005 2702 tu
1027 2639 1059 2702 te
1091 2638 1169 2703 dicis
1199 2640 1285 2720 sapi·

165 2740 284 2814 entem;
310 2741 366 2804 sed
388 2742 498 2805 contra
519 2760 575 2805 nos
598 2741 753 2805 cernimus
776 2741 896 2805 nullum
917 2760 1008 2824 posse
1024 2741 1076 2824 qui
1094 2742 1172 2805 haec
1188 2741 1286 2805 faciat

165 2861 232 2907 esse
256 2843 440 2924 sapientem.
486 2844 555 2925 quis
579 2844 694 2908 etenim
717 2844 890 2926 sacrilegus
911 2844 1027 2926 poterit
1056 2844 1119 2908 dici
1147 2844 1284 2926 prudens

164 2945 223 3009 nisi
246 2946 285 3010 ab
307 2945 592 3028 inprudentioribus
616 2950 671 3012 se?
694 2947 721 3010 si
742 2948 777 3010 tu
801 2947 924 3029 sapiens
953 2965 996 3023 es,
1021 2946 1195 3023 Constanti,
1214 2947 1284 3028 quis

129 3069 153 3109 a
165 3047 205 3110 sit
225 3049 258 3112 te
281 3047 485 3130 insipientior,
501 3048 641 3112 inuenire
657 3067 717 3112 non
733 3051 850 3129 potero.
874 3049 949 3112 tune
966 3048 1067 3112 adhuc
1083 3048 1142 3113 tibi
1163 3049 1283 3113 uideris

165 3166 232 3212 esse
256 3150 391 3230 sapiens,
415 3150 469 3232 qui
491 3148 587 3212 fueris
611 3149 790 3226 arbitratus,
813 3150 897 3231 quod
920 3150 1002 3215 enim
1018 3152 1187 3233 prophetae
1205 3170 1283 3234 apo-

164 3251 235 3315 stoli
253 3270 289 3315 ac
312 3252 465 3335 martyres
486 3269 541 3332 pro
564 3251 710 3315 creatura
732 3251 847 3316 fuerint
869 3252 1047 3318 interfecti?
1069 3272 1184 3336 negare
1201 3253 1284 3318 enim

164 3370 222 3417 non
247 3353 378 3419 audebis
400 3354 531 3419 cunctos
553 3355 611 3420 hos
632 3373 687 3436 pro
709 3355 801 3420 unico
825 3355 877 3420 dei
898 3355 1079 3420 interfectos
1101 3356 1175 3420 filio.
1202 3374 1281 3436 quo-

164 3457 255 3520 modo
268 3455 385 3538 poteris
399 3456 463 3521 diei
478 3456 612 3538 sapiens,
629 3457 752 3539 quinon
766 3457 867 3521 solum
884 3457 1144 3523 descendentibus
1155 3457 1282 3539 pluuiis,

131 3557 341 3623 columinibus
363 3558 599 3637 inundantibus,
622 3560 769 3625 flantibus
792 3562 894 3625 uentis
916 3561 1063 3626 resistere
1089 3579 1149 3625 non
1177 3561 1283 3642 temp·

164 3661 292 3739 taueris,
315 3680 354 3725 ne
376 3663 486 3740 temet,
510 3663 563 3744 qni
588 3663 698 3728 domus
715 3682 784 3728 esse
799 3664 958 3741 inueniris,
981 3663 1282 3745 pessumdedissent,

165 3761 217 3825 sed
242 3763 362 3844 etipse
385 3764 416 3828 in
439 3764 575 3846 pluuias,
598 3765 726 3829 flumina
748 3767 920 3848 uentosque
942 3768 975 3830 te
998 3766 1129 3830 uerteris
1155 3766 1195 3830 ad
1209 3768 1280 3845 hoc,

264 3947 297 4000 10
313 3947 368 4002 Iole
387 3949 428 4013 15,
449 3949 488 4003 14.
508 3950 540 4002 15

171 4188 178 4214 t
211 4121 227 4173 6
252 4135 318 4188 quae
341 4121 486 4189 Latinius,
506 4123 574 4191 quod
596 4125 634 4176 Vc
738 4123 770 4177 12
788 4123 932 4178 damnante
949 4127 977 4177 te
995 4125 1105 4192 scripsi,
1130 4097 1283 4176 damantem

165 4236 189 4301 se
208 4225 289 4289 (corr.
308 4240 342 4277 m.
360 4226 424 4292 ree.)
448 4227 477 4293 V,
497 4225 666 4279 damnantem
682 4228 744 4280 teo
817 4225 942 4281 audireo
1011 4226 1043 4278 15
1062 4227 1128 4294 esse]
1147 4242 1195 4279 nos
1214 4228 1281 4281 odd.

165 4320 184 4357 e.
201 4307 216 4361 t.
235 4326 269 4363 m.
287 4325 340 4364 rec.
358 4316 417 4364 eto
485 4310 519 4364 26
537 4312 606 4364 enim
624 4329 684 4380 exp.
704 4330 736 4368 ne.
756 4330 808 4367 rec.
