2850 4754
508 398 549 451 De
567 399 658 451 sancto
674 397 821 451 Athanasio
838 397 905 451 liber
921 395 954 453 11.
1234 401 1294 466 163

175 585 376 661 Athanasius,
402 585 522 650 dixistis
546 605 617 649 eum
631 605 720 650 reum
737 605 806 651 esse
820 587 944 659 mortis3
966 586 1024 650 hoo
1041 586 1183 651 focerunt
1199 587 1294 651 atilli

177 693 288 774 quibus
310 691 342 754 in
367 691 423 754 hoc
447 689 568 753 scelere
594 707 685 770 pares
715 689 790 753 estis
818 689 998 772 presbyteri.
1042 689 1181 771 loquitur
1211 691 1292 770 enim

177 794 330 877 scriptura
353 794 476 857 boens:
501 797 529 856 et
551 794 673 873 foetum
691 797 734 856 esi
755 794 791 876 in
805 794 855 855 die
870 793 979 870 adiero,
996 798 1030 855 ub
1045 795 1192 857 conuenit
1201 793 1290 874 plebs

176 898 217 962 ad
239 897 349 960 uirum
371 897 439 960 eius
461 896 615 976 Ioaebim,
631 901 787 961 uenerunt
799 897 862 960 duo
872 895 1047 979 presbyteri
1055 895 1148 977 pieni
1162 898 1290 978 iniquae

152 1000 287 1065 ⁵mentis
309 999 463 1064 aduersus
485 999 684 1072 Susannam,
712 1004 747 1063 ut
761 1000 988 1081 mortificarent
1003 1019 1081 1064 eam.
1098 1003 1128 1063 ei
1141 999 1291 1064 dixerunt

175 1121 280 1167 coram
307 1101 415 1182 plebe:
442 1103 557 1166 mittite
587 1103 630 1165 ad
653 1103 838 1167 Susannam
867 1102 970 1183 siticen
994 1100 1181 1178 (imicitiam,
1211 1122 1291 1182 quae

174 1209 215 1268 esi
236 1223 318 1268 naor
340 1203 495 1269 Ioacbim.
518 1209 547 1269 et
568 1205 735 1277 miseruut,
758 1209 786 1268 ei
807 1205 895 1267 uenit
916 1206 990 1285 ipsa
1012 1209 1040 1268 ei
1059 1210 1206 1285 parentes
1221 1205 1288 1269 eius

174 1312 329 1371 damnes
350 1309 477 1389 capucii
499 1308 574 1371 eius.
620 1306 776 1371 Susanna
797 1311 903 1370 audem
925 1311 994 1369 erat
1019 1310 1125 1371 tenera
1152 1308 1288 1372 nimium

174 1414 201 1473 a
222 1409 321 1474 bonae
342 1411 472 1484 immae.
499 1410 613 1473 iniusti
635 1415 740 1474 autem
762 1411 932 1473 iusserunt·
948 1409 1084 1474 ueueiari
1112 1431 1181 1475 eam
1204 1414 1289 1494 (erat

128 1525 163 1562 1⁰
174 1514 257 1576 enim
278 1514 415 1594 uelata),
430 1519 465 1577 ub
480 1517 706 1577 saturarentur·
719 1512 824 1593 forum
839 1513 915 1578 mus.
936 1513 1056 1592 fiebant
1068 1519 1172 1577 autem
1187 1535 1292 1579 omues

175 1616 240 1700 eius
263 1619 291 1679 et
314 1617 406 1680 cederi
428 1616 483 1696 qui
505 1615 656 1679 uidebant
676 1635 755 1681 eam.
778 1615 983 1698 adsumentes
1005 1616 1105 1697 ipibur
1127 1616 1187 1680 duo
1196 1637 1290 1698 pres·

174 1717 269 1798 byteri
291 1717 329 1781 in
350 1718 455 1781 media
468 1717 559 1798 plebe
577 1721 753 1797 posuerunt
774 1735 890 1780 manus
910 1735 1002 1796 super
1016 1722 1111 1798 caput
1126 1720 1202 1802 eius,
1218 1720 1291 1799 ipsa

175 1823 278 1884 auum
301 1821 476 1885 lacrimans
500 1821 622 1900 aspecit
644 1820 680 1883 in
709 1819 839 1902 caetum,
868 1822 1020 1901 quoniam
1049 1827 1117 1886 erat
1143 1843 1197 1887 eor
1224 1824 1291 1887 eius

175 1923 331 2004 confidens
352 1924 390 1986 in
411 1924 545 1988 minino.
568 1923 722 1986 dixerant
735 1927 839 1985 auum
848 1924 1039 2006 presbyteri:
1056 1924 1290 1990 ambulantibus

134 2025 260 2089 '1⁵nobis
281 2027 319 2090 in
341 2026 517 2090 uiridiario
539 2027 615 2091 sodis
638 2027 775 2091 intrauit
797 2025 872 2091 baec
894 2048 964 2090 cum
976 2027 1101 2107 puellis
1124 2028 1289 2092 eidimisii

170 2127 294 2208 pudes
316 2133 346 2192 ei
367 2128 483 2193 elausit
499 2130 579 2193 ostia
596 2130 775 2207 uiridiard,
797 2135 825 2194 ei
846 2132 932 2194 uenit
955 2131 998 2193 ad
1010 2150 1080 2193 eam
1094 2131 1220 2194 iuuenis
1234 2133 1291 2211 qui

175 2235 240 2294 erat
260 2230 465 2296 absconditus
486 2237 515 2295 et
537 2232 704 2296 coucuimit
724 2253 795 2296 oum
816 2253 863 2300 ea.
879 2253 937 2297 nos
951 2238 1055 2296 autem
1070 2253 1140 2297 cum
1154 2253 1288 2298 essemus

175 2333 207 2395 iu
228 2333 348 2415 anpulo
370 2333 548 2410 uiridiarii,
570 2336 713 2399 uidentes
734 2337 935 2416 iniquitatem
957 2335 1157 2399 adcurrimus
1180 2336 1222 2399 ad
1238 2355 1287 2400 eos

175 2439 200 2498 ei
219 2437 362 2501 uidimus
384 2443 600 2502 concurrentes
622 2457 680 2502 eos.
703 2438 797 2502 ibium
818 2438 943 2518 qnidam
964 2457 1028 2500 uon
1044 2440 1205 2519 potuimus
1227 2441 1285 2504 ad

138 2534 357 2618 '²⁰prebendere
389 2540 472 2619 quod
498 2541 614 2621 sortior
640 2540 730 2603 uobis
759 2544 836 2603 esset
863 2544 892 2603 et
919 2540 1000 2620 quod
1028 2541 1171 2621 aperiens
1204 2542 1303 2625 ostia

169 2641 355 2719 prosilierit,
392 2641 476 2706 bane
508 2647 612 2705 autem
646 2642 877 2722 adprehensam
905 2643 1181 2723 interropouimus,
1216 2645 1287 2723 puis

175 2747 248 2806 esset
266 2744 406 2822 iuuenis,
428 2748 459 2811 ei
479 2744 582 2808 noluit
604 2746 694 2809 nobis
708 2745 821 2810 dicere.
844 2745 920 2809 baec
934 2749 1151 2811 eoumdamur.
1174 2750 1284 2810 ebere-

175 2843 251 2908 didii
272 2846 319 2910 cis
340 2848 443 2911 onmis
465 2866 626 2934 synapopa
649 2853 684 2910 ui
701 2847 890 2933 presbyteris
907 2846 1008 2927 piebis
1029 2851 1058 2910 et
1071 2847 1239 2924 iudicibus,
1256 2853 1286 2912 ci

175 2945 407 3013 munierum
427 2954 463 3013 ud
485 2954 668 3016 moreretur.

142 3054 166 3102 'a
211 3049 316 3113 VIBI.
330 3050 502 3116 Considera
516 3052 649 3134 penitus,
663 3053 834 3129 Constanti,
851 3051 1037 3116 maledictas
1050 3051 1286 3117 adinuontiones

175 3150 291 3216 nestm
313 3151 524 3237 Atrianorum,
548 3155 575 3219 si
591 3174 651 3219 non
666 3155 744 3219 talia
759 3156 832 3218 sunt
847 3174 927 3237 quae
944 3154 1071 3237 egeritis
1087 3173 1143 3218 nos
1157 3154 1283 3218 interim

175 3253 253 3318 cirea
274 3256 492 3334 Athanasium,
517 3258 622 3339 qualia
645 3258 744 3321 atilli
767 3257 888 3340 egerint
909 3257 995 3321 cirea
1016 3256 1200 3322 Susannam.
1217 3257 1286 3338 quis

176 3355 285 3421 etenim
300 3375 361 3422 non
376 3359 564 3424 credidisset
578 3360 636 3425 tibi
651 3359 829 3441 imperatori
846 3359 979 3423 dicenti:
995 3360 1199 3442 saerilepium
1211 3361 1284 3439 feeit

178 3458 396 3524 Athanasius?
432 3460 542 3525 sedin
567 3480 603 3525 eo
632 3462 705 3542 quia
732 3463 768 3524 tu
797 3461 1011 3527 detestabilior
1038 3461 1126 3525 fuisti
1155 3463 1192 3525 ab
1220 3461 1284 3525 illis

145 3561 358 3643 noonporditis
379 3563 443 3627 tuis
464 3563 784 3647 pseudopresbyteris,
806 3564 865 3628 tibi
887 3583 946 3628 non
971 3564 1019 3628 est
1039 3564 1119 3628 fides
1140 3563 1284 3628 habitan

269 3799 286 3853 3
304 3801 374 3854 Dan.
392 3801 491 3854 28-41

220 4023 408 4092 2praesbitori
509 4025 687 4094 ipresbiteri
790 4026 955 4080 doelchiam
1058 4028 1088 4080 11
1107 4026 1217 4096 psbiteri

178 4104 206 4157 14
220 4109 373 4176 praesbiteri
460 4111 492 4164 15
508 4111 641 4195 uiridiario
661 4116 742 4180 (ecre.
759 4130 793 4166 m.
811 4116 875 4180 ree.)
946 4111 978 4165 19
996 4111 1197 4167 concumbentes
1214 4111 1286 4166 cmii.

173 4205 487 4280 Tutunavrywops'moe
503 4231 544 4284 pr.
629 4214 663 4267 23
679 4213 848 4283 praesbiteris
928 4214 961 4267 25
978 4215 1100 4284 paenitus
1179 4213 1214 4267 80
1230 4214 1285 4268 tuis

177 4307 253 4351 cmo
319 4298 540 4369 psendopsbiteris

1148 4403 1203 4458 ii*
