2850 4754
132 345 195 411 250
620 343 765 398 Luciferi

131 534 301 615 auferetur.
325 553 436 598 uerum
451 539 557 598 tamea
579 533 725 598 inimicos
747 553 829 598 meos
843 533 925 617 ilias,
948 535 1003 616 pai
1017 535 1189 599 uoluerunt
1205 553 1253 598 me

130 656 262 720 repaare
283 656 378 717 super
399 655 440 719 se,
464 637 612 702 adducite
634 634 695 700 buc
716 639 747 700 et
766 635 933 717 interficite
955 640 1029 700 aute
1051 655 1107 701 ma

172 738 257 802 XIX.
294 736 413 820 Nempe
445 737 470 801 si
499 738 532 803 te
564 756 622 802 non
655 738 844 814 mutauerr's,
879 757 959 802 unus
983 737 1043 802 eris
1068 757 1104 802 ex
1125 738 1176 802 his
1199 738 1252 819 qui

131 841 264 906 interfici
286 841 411 905 bierunt
432 841 518 905 iussi.
548 841 619 904 hinc
643 841 796 922 superbus
819 840 928 904 uideor
948 841 1016 917 tibi,
1040 841 1115 923 quia
1136 842 1169 904 te
1194 859 1251 904 cu-

130 945 214 1027 piam
236 962 296 1009 non
317 943 462 1020 interfici,
486 944 559 1025 qnia
582 944 640 1008 sim
657 944 805 1026 exoptans
824 943 893 1029 <in>
911 943 966 1006 illa
982 943 1157 1025 quantitate
1176 943 1253 1007 mihi
1275 961 1286 1002 s

131 1047 307 1125 commissa
332 1065 426 1129 quam
449 1046 539 1127 cupio
562 1046 774 1128 multiplicari,
797 1046 830 1110 te
853 1065 976 1129 quoque
998 1047 1140 1111 inueniri.
1180 1047 1253 1128 quia

130 1150 187 1213 tali
216 1150 310 1214 modo
339 1151 446 1214 tecum
475 1167 623 1231 geramus
653 1149 781 1223 luctam,
813 1149 958 1213 uidemur
979 1149 1038 1213 tibi
1059 1149 1189 1227 inimici,
1220 1150 1251 1213 hi

131 1253 183 1334 qui
205 1253 407 1334 praeceptum
429 1252 598 1317 retinentes
621 1253 706 1316 beati
729 1253 861 1334 apostoli
887 1252 1098 1318 indesinenter
1128 1253 1251 1334 proptor

130 1356 219 1419 tuam
242 1354 490 1419 incolumitatem
513 1356 681 1420 fundamus
703 1375 837 1438 precem.
877 1356 996 1422 obsecro
1025 1356 1126 1439 ipitur
1147 1357 1254 1436 primo

132 1459 273 1523 ommium
295 1460 366 1541 pieri
388 1459 608 1524 obsecrationes
631 1461 790 1524 orationes
813 1459 1044 1541 postulationes
1069 1460 1252 1542 pratiaram
1262 1476 1281 1515 1⁰

132 1566 268 1626 actioues
292 1582 353 1642 pra
383 1563 525 1628 omuibus
553 1562 730 1628 homiuibus
753 1583 816 1645 pro
837 1562 961 1646 rupibus
983 1567 1011 1626 et
1033 1562 1176 1626 omuibus
1198 1561 1253 1643 qui

130 1665 167 1727 iu
188 1663 378 1729 subtimitate
400 1670 484 1741 suut,
508 1669 546 1728 ut
566 1665 780 1748 tranquillam
796 1671 823 1729 ct
846 1667 984 1747 quietam
999 1664 1102 1728 uitam
1119 1682 1252 1746 apamea

71 1831 73 1836 .
133 1786 203 1830 cum
220 1768 341 1849 pietate
363 1772 391 1830 et
411 1770 582 1850 praa-itate.
604 1769 660 1833 bac
675 1769 760 1832 cuim
774 1769 889 1833 bouum
913 1773 941 1832 et
963 1771 1126 1848 acceptum
1149 1785 1252 1831 coram

131 1869 270 1934 salutari
298 1875 404 1935 austro
433 1871 502 1950 dea,
537 1871 593 1950 qui
614 1889 721 1934 omues
750 1869 889 1933 homiues
910 1869 981 1932 uuit
1002 1868 1110 1933 saluos
1132 1869 1253 1950 pteriet

132 1973 174 2038 ad
195 1975 389 2056 aprcitiouem
411 1974 558 2038 ueritatis
580 1975 699 2038 uerrire.
738 1972 884 2037 uidemur
911 1970 968 2036 tibi
996 1970 1116 2035 inimici
1145 1970 1178 2036 hi
1201 1970 1253 2053 qui
1264 1985 1284 2026 1⁵

131 2076 163 2140 te
187 2077 376 2159 agnitionem
398 2076 542 2141 ueritatis
565 2077 707 2159 cupimus
730 2077 893 2158 consequi3
921 2075 1181 2141 contumeliosum
1204 2094 1253 2140 mc

132 2177 226 2256 dicis,
262 2179 336 2260 quia
359 2178 462 2242 dicam
484 2198 565 2261 quae
586 2180 661 2244 tuae
686 2180 717 2243 et
738 2198 828 2244 meae
851 2178 1028 2243 conducant
1054 2179 1160 2242 saluti.
1199 2177 1254 2243 sed

131 2281 209 2344 haec
240 2299 362 2363 quoque
394 2280 591 2346 adseueratio
620 2282 693 2360 tua,
730 2301 809 2363 quae
840 2282 974 2346 adstruit
989 2269 1046 2346 'me
1069 2283 1130 2347 tibi
1150 2282 1263 2350 facere

132 2384 286 2463 iniuriam,
311 2384 449 2449 ostendit
469 2385 501 2448 te
524 2384 751 2466 inprudentem.
784 2385 811 2450 si
835 2385 949 2449 etenim
972 2372 1085 2448 fuisses
1107 2384 1252 2466 prudens,

130 2487 230 2570 primo
253 2506 423 2570 numquam
446 2487 618 2570 sacrilegus
639 2488 782 2570 repertus
803 2487 927 2564 luisses,
957 2486 1069 2550 deinde
1093 2490 1286 2570 coneprnsa

133 2608 292 2653 sacrarum
326 2589 502 2654 litterarum
536 2589 745 2676 auctori<tate
777 2590 1026 2674 temperan>tem
1054 2591 1174 2655 teiam
1197 2592 1271 2657 ho·.

131 2692 248 2757 minem
280 2693 493 2774 praebuisses;
535 2693 566 2756 at
599 2711 695 2770 nunc,
730 2692 803 2775 quia
836 2693 879 2757 sis
912 2692 1100 2774 inprudens,
1138 2692 1255 2758 dicenti

131 2794 190 2860 tibi
206 2793 365 2878 episcopo:
389 2798 570 2878 imperator,
587 2795 726 2877 prauae
748 2794 846 2860 satuti
870 2800 958 2874 tuae;
980 2816 1011 2859 cs
1033 2797 1119 2859 euim
1142 2797 1254 2880 iupeu·

131 2899 213 2963 tibus
234 2899 372 2963 sarciuis
393 2900 541 2965 scelerum
557 2902 684 2963 tuorum
704 2903 949 2982 praeprauatua
974 2898 1069 2962 dicis:
1094 2904 1252 2964 coutume-

134 3000 215 3064 liam
236 3001 317 3064 mibi
338 3001 429 3084 facis.
461 3005 554 3065 testor
575 3020 684 3065 coram
704 3001 769 3078 cieo,
793 3000 871 3064 dicit
894 3000 1053 3083 apostolus
1079 3000 1253 3080 Timotheo,
1265 3006 1287 3049 ²⁵

133 3107 161 3167 et
184 3101 308 3169 Obrista
330 3103 404 3168 Iesu
427 3108 454 3168 et
477 3104 581 3175 eiectis
603 3103 733 3186 aupeiis,
756 3108 793 3166 ut
814 3103 890 3168 baec
913 3105 1074 3169 custodias
1096 3105 1165 3169 siue
1187 3105 1253 3169 dis·

133 3207 275 3279 ammius,
299 3206 383 3270 uitii
405 3206 527 3287 faciens
544 3207 581 3269 iu
603 3207 706 3270 abiam
716 3210 855 3289 partem,
876 3207 931 3271 sai
946 3207 1137 3286 aequitatem
1152 3212 1253 3271 corma·

52 3322 58 3365 l
132 3309 210 3373 dire.
253 3308 284 3372 ot
310 3309 345 3372 tu
373 3309 634 3374 contumeliosum
662 3309 802 3391 appellas
831 3327 920 3387 eum,
956 3295 1009 3390 qui
1035 3309 1068 3372 te
1096 3309 1128 3374 in
1157 3311 1253 3375 tantis

132 3410 303 3476 sceleribus
327 3411 554 3493 deprehensum
576 3431 657 3476 nunc
678 3412 834 3494 increpet,
867 3430 922 3475 cur
943 3411 1000 3476 illa
1021 3411 1118 3476 fueris
1141 3431 1253 3495 perpe·

132 3513 249 3592 tratis,
285 3533 366 3579 nunc
389 3514 591 3597 deprocetur,
626 3516 663 3579 ut
687 3515 787 3580 temet
814 3515 889 3579 dum
918 3514 1052 3579 facultas
1085 3515 1133 3578 est
1161 3515 1286 3580 malis⁸⁰

135 3615 247 3697 eripias
275 3619 338 3683 tuis
368 3618 473 3700 sisque
499 3618 588 3696 talis,
624 3638 717 3700 quem
745 3638 804 3683 non
836 3617 913 3685 deus
939 3618 1049 3700 puniat
1076 3617 1267 3682 interillos

235 3859 251 3911 9
269 3857 282 3910 I
300 3858 364 3912 Tim.
383 3859 408 3919 2,
428 3859 494 3911 1-5
563 3859 596 3911 25
614 3858 649 3912 ib.
669 3859 694 3922 5,
713 3858 744 3911 21

186 4080 202 4133 3
219 4083 363 4136 mutaberis
386 4085 416 4152 V,
434 4101 481 4139 em.
500 4084 638 4139 Latiuius
710 4084 732 4135 '5
750 4085 778 4136 in
797 4083 863 4136 add.
882 4082 1019 4135 Latinius
1089 4079 1105 4131 9
1123 4078 1253 4131 incolomi-

136 4165 219 4218 tatem
308 4168 339 4220 17
359 4167 499 4223 condicant
516 4174 578 4224 m.1
665 4169 696 4221 21
717 4169 873 4221 auctoritate
891 4168 1082 4236 temperantem
1099 4167 1126 4217 te
1145 4161 1254 4231 scripsi,

137 4251 289 4305 auctoritem
307 4255 335 4305 te
357 4255 387 4315 V,
406 4255 564 4307 auctoritate
582 4256 665 4308 temet
683 4271 698 4308 u
768 4253 802 4305 24
821 4253 916 4307 saoinis
934 4270 968 4306 ru.
988 4257 1003 4304 1
