<?xml version="1.0" encoding="UTF-8"?>
<!DOCTYPE html PUBLIC "-//W3C//DTD XHTML 1.0 Transitional//EN"
    "http://www.w3.org/TR/xhtml1/DTD/xhtml1-transitional.dtd">
<html xmlns="http://www.w3.org/1999/xhtml" xml:lang="en" lang="en">
 <head>
  <title>
</title>
<meta http-equiv="Content-Type" content="text/html;charset=utf-8" />
  <meta name='ocr-system' content='tesseract 3.04.00' />
  <meta name='ocr-capabilities' content='ocr_page ocr_carea ocr_par ocr_line ocrx_word'/>
</head>
<body>
  <div class='ocr_page' id='page_1' title='image "./lucifericalarit00lucigoog_0164.png"; bbox 0 0 2850 4754; ppageno 0'>
   <div class='ocr_carea' id='block_1_1' title="bbox 495 385 1276 452">
    <p class='ocr_par' dir='ltr' id='par_1_1' title="bbox 495 385 1276 452">
     <span class='ocr_line' id='line_1_1' title="bbox 495 385 1276 452; baseline 0.008 -13"><span class='ocrx_word' id='word_1_1' title='bbox 495 385 536 440; x_wconf 87' lang='lat' dir='ltr'><strong><em>De</em></strong></span> <span class='ocrx_word' id='word_1_2' title='bbox 554 388 646 440; x_wconf 87' lang='lat' dir='ltr'><strong><em>sancto</em></strong></span> <span class='ocrx_word' id='word_1_3' title='bbox 662 385 812 441; x_wconf 77' lang='lat' dir='ltr'><strong><em>Athanasio</em></strong></span> <span class='ocrx_word' id='word_1_4' title='bbox 830 385 933 439; x_wconf 74' lang='lat' dir='ltr'><strong><em>libert</em></strong></span> <span class='ocrx_word' id='word_1_5' title='bbox 1216 387 1276 452; x_wconf 94' lang='grc'><strong><em>111</em></strong></span> 
     </span>
    </p>
   </div>
   <div class='ocr_carea' id='block_1_2' title="bbox 125 573 1282 1682">
    <p class='ocr_par' dir='ltr' id='par_1_2' title="bbox 137 573 1280 1170">
     <span class='ocr_line' id='line_1_2' title="bbox 158 573 1279 656; baseline 0 -17"><span class='ocrx_word' id='word_1_6' title='bbox 158 575 241 639; x_wconf 89' lang='lat' dir='ltr'><strong><em>enim</em></strong></span> <span class='ocrx_word' id='word_1_7' title='bbox 262 594 334 639; x_wconf 91' lang='lat' dir='ltr'><strong><em>cum</em></strong></span> <span class='ocrx_word' id='word_1_8' title='bbox 356 594 405 638; x_wconf 89' lang='lat' dir='ltr'><strong><em>me</em></strong></span> <span class='ocrx_word' id='word_1_9' title='bbox 426 573 626 651; x_wconf 86' lang='lat' dir='ltr'><strong><em>inuocabitis,</em></strong></span> <span class='ocrx_word' id='word_1_10' title='bbox 649 593 701 656; x_wconf 78' lang='lat' dir='ltr'><strong><em>epo</em></strong></span> <span class='ocrx_word' id='word_1_11' title='bbox 725 577 829 638; x_wconf 85' lang='lat' dir='ltr'><strong><em>autem</em></strong></span> <span class='ocrx_word' id='word_1_12' title='bbox 843 592 908 637; x_wconf 91' lang='lat' dir='ltr'><strong><em>nou</em></strong></span> <span class='ocrx_word' id='word_1_13' title='bbox 922 573 1101 640; x_wconf 74' lang='lat' dir='ltr'><strong><em>obaudiam.</em></strong></span> <span class='ocrx_word' id='word_1_14' title='bbox 1130 579 1279 655; x_wconf 72' lang='lat' dir='ltr'><strong><em>quaerent</em></strong></span> 
     </span>
     <span class='ocr_line' id='line_1_3' title="bbox 158 676 1280 757; baseline -0.001 -15"><span class='ocrx_word' id='word_1_15' title='bbox 158 697 203 742; x_wconf 90' lang='lat' dir='ltr'><strong><em>me</em></strong></span> <span class='ocrx_word' id='word_1_16' title='bbox 225 676 308 741; x_wconf 85' lang='lat' dir='ltr'><strong><em>mati</em></strong></span> <span class='ocrx_word' id='word_1_17' title='bbox 331 681 361 741; x_wconf 89' lang='lat' dir='ltr'><strong><em>et</em></strong></span> <span class='ocrx_word' id='word_1_18' title='bbox 381 696 446 741; x_wconf 90' lang='lat' dir='ltr'><strong><em>nou</em></strong></span> <span class='ocrx_word' id='word_1_19' title='bbox 468 677 641 740; x_wconf 81' lang='lat' dir='ltr'><strong><em>inueniant.</em></strong></span> <span class='ocrx_word' id='word_1_20' title='bbox 681 676 813 741; x_wconf 86' lang='lat' dir='ltr'><strong><em>oderunt</em></strong></span> <span class='ocrx_word' id='word_1_21' title='bbox 827 677 912 740; x_wconf 89' lang='lat' dir='ltr'><strong><em>euim</em></strong></span> <span class='ocrx_word' id='word_1_22' title='bbox 926 676 1128 757; x_wconf 68' lang='lat' dir='ltr'><strong><em>sapientiam,</em></strong></span> <span class='ocrx_word' id='word_1_23' title='bbox 1151 677 1280 741; x_wconf 89' lang='lat' dir='ltr'><strong><em>uerbum</em></strong></span> 
     </span>
     <span class='ocr_line' id='line_1_4' title="bbox 158 778 1278 863; baseline -0.003 -18"><span class='ocrx_word' id='word_1_24' title='bbox 158 785 263 845; x_wconf 77' lang='lat' dir='ltr'><strong><em>anetem</em></strong></span> <span class='ocrx_word' id='word_1_25' title='bbox 285 781 499 846; x_wconf 84' lang='lat' dir='ltr'><strong><em>domininon</em></strong></span> <span class='ocrx_word' id='word_1_26' title='bbox 521 780 776 863; x_wconf 73' lang='lat' dir='ltr'><strong><em>adsumpserunt,</em></strong></span> <span class='ocrx_word' id='word_1_27' title='bbox 804 798 900 859; x_wconf 78' lang='lat' dir='ltr'><strong><em>neque</em></strong></span> <span class='ocrx_word' id='word_1_28' title='bbox 921 778 1091 843; x_wconf 81' lang='lat' dir='ltr'><strong><em>uobreruut</em></strong></span> <span class='ocrx_word' id='word_1_29' title='bbox 1110 779 1187 842; x_wconf 83' lang='lat' dir='ltr'><strong><em>uuis</em></strong></span> <span class='ocrx_word' id='word_1_30' title='bbox 1209 798 1278 842; x_wconf 88' lang='lat' dir='ltr'><strong><em>con·</em></strong></span> 
     </span>
     <span class='ocr_line' id='line_1_5' title="bbox 158 881 1279 964; baseline -0.004 -16"><span class='ocrx_word' id='word_1_31' title='bbox 158 884 241 948; x_wconf 86' lang='lat' dir='ltr'><strong><em>sitiis</em></strong></span> <span class='ocrx_word' id='word_1_32' title='bbox 263 883 443 962; x_wconf 85' lang='lat' dir='ltr'><strong><em>intendere;</em></strong></span> <span class='ocrx_word' id='word_1_33' title='bbox 465 885 653 964; x_wconf 90' lang='lat' dir='ltr'><strong><em>spreueruut</em></strong></span> <span class='ocrx_word' id='word_1_34' title='bbox 674 883 759 947; x_wconf 91' lang='lat' dir='ltr'><strong><em>euim</em></strong></span> <span class='ocrx_word' id='word_1_35' title='bbox 776 901 862 947; x_wconf 90' lang='lat' dir='ltr'><strong><em>meas</em></strong></span> <span class='ocrx_word' id='word_1_36' title='bbox 883 881 1126 962; x_wconf 75' lang='lat' dir='ltr'><strong><em>increpationes.</em></strong></span> <span class='ocrx_word' id='word_1_37' title='bbox 1150 881 1279 962; x_wconf 77' lang='lat' dir='ltr'><strong><em>ideoque</em></strong></span> 
     </span>
     <span class='ocr_line' id='line_1_6' title="bbox 137 984 1279 1066; baseline -0.006 -13"><span class='ocrx_word' id='word_1_38' title='bbox 137 987 248 1053; x_wconf 75' lang='lat' dir='ltr'><strong><em>intent</em></strong></span> <span class='ocrx_word' id='word_1_39' title='bbox 270 987 344 1051; x_wconf 92' lang='lat' dir='ltr'><strong><em>uiae</em></strong></span> <span class='ocrx_word' id='word_1_40' title='bbox 366 1005 442 1050; x_wconf 85' lang='lat' dir='ltr'><strong><em>suae</em></strong></span> <span class='ocrx_word' id='word_1_41' title='bbox 461 986 586 1066; x_wconf 81' lang='lat' dir='ltr'><strong><em>fructus</em></strong></span> <span class='ocrx_word' id='word_1_42' title='bbox 614 989 644 1049; x_wconf 91' lang='lat' dir='ltr'><strong><em>et</em></strong></span> <span class='ocrx_word' id='word_1_43' title='bbox 664 1004 723 1050; x_wconf 88' lang='lat' dir='ltr'><strong><em>sua</em></strong></span> <span class='ocrx_word' id='word_1_44' title='bbox 750 986 908 1066; x_wconf 82' lang='lat' dir='ltr'><strong><em>inpietate</em></strong></span> <span class='ocrx_word' id='word_1_45' title='bbox 929 984 1120 1049; x_wconf 86' lang='lat' dir='ltr'><strong><em>saturabunt</em></strong></span> <span class='ocrx_word' id='word_1_46' title='bbox 1142 985 1279 1049; x_wconf 86' lang='lat' dir='ltr'><strong><em>animas.</em></strong></span> 
     </span>
     <span class='ocr_line' id='line_1_7' title="bbox 157 1086 1000 1170; baseline -0.002 -17"><span class='ocrx_word' id='word_1_47' title='bbox 157 1110 235 1153; x_wconf 90' lang='lat' dir='ltr'><strong><em>nam</em></strong></span> <span class='ocrx_word' id='word_1_48' title='bbox 257 1090 336 1169; x_wconf 79' lang='lat' dir='ltr'><strong><em>quia</em></strong></span> <span class='ocrx_word' id='word_1_49' title='bbox 358 1088 555 1170; x_wconf 74' lang='lat' dir='ltr'><strong><em>desipiebant</em></strong></span> <span class='ocrx_word' id='word_1_50' title='bbox 570 1086 738 1170; x_wconf 85' lang='lat' dir='ltr'><strong><em>paruulos,</em></strong></span> <span class='ocrx_word' id='word_1_51' title='bbox 761 1087 1000 1168; x_wconf 68' lang='lat' dir='ltr'><strong><em>interficientur.</em></strong></span> 
     </span>
    </p>

    <p class='ocr_par' dir='ltr' id='par_1_3' title="bbox 158 1189 1280 1477">
     <span class='ocr_line' id='line_1_8' title="bbox 199 1189 1278 1271; baseline -0.002 -15"><span class='ocrx_word' id='word_1_52' title='bbox 199 1190 314 1256; x_wconf 84' lang='lat' dir='ltr'>XXVI.</span> <span class='ocrx_word' id='word_1_53' title='bbox 338 1190 477 1255; x_wconf 88' lang='lat' dir='ltr'><strong><em>Interfici</em></strong></span> <span class='ocrx_word' id='word_1_54' title='bbox 500 1190 585 1253; x_wconf 88' lang='lat' dir='ltr'><strong><em>certe</em></strong></span> <span class='ocrx_word' id='word_1_55' title='bbox 606 1190 713 1254; x_wconf 92' lang='lat' dir='ltr'><strong><em>tecum</em></strong></span> <span class='ocrx_word' id='word_1_56' title='bbox 735 1189 931 1254; x_wconf 81' lang='lat' dir='ltr'><strong><em>merebamur</em></strong></span> <span class='ocrx_word' id='word_1_57' title='bbox 960 1190 991 1252; x_wconf 92' lang='lat' dir='ltr'><strong><em>et</em></strong></span> <span class='ocrx_word' id='word_1_58' title='bbox 1014 1189 1140 1271; x_wconf 87' lang='lat' dir='ltr'><strong><em>quidem</em></strong></span> <span class='ocrx_word' id='word_1_59' title='bbox 1169 1189 1278 1266; x_wconf 80' lang='lat' dir='ltr'><strong><em>adeo,</em></strong></span> 
     </span>
     <span class='ocr_line' id='line_1_9' title="bbox 158 1291 1280 1374; baseline -0.001 -16"><span class='ocrx_word' id='word_1_60' title='bbox 158 1293 185 1358; x_wconf 90' lang='lat' dir='ltr'><strong><em>si</em></strong></span> <span class='ocrx_word' id='word_1_61' title='bbox 206 1294 313 1358; x_wconf 91' lang='lat' dir='ltr'><strong><em>tecum</em></strong></span> <span class='ocrx_word' id='word_1_62' title='bbox 330 1293 381 1357; x_wconf 90' lang='lat' dir='ltr'><strong><em>dei</em></strong></span> <span class='ocrx_word' id='word_1_63' title='bbox 396 1293 554 1357; x_wconf 90' lang='lat' dir='ltr'><strong><em>hominem</em></strong></span> <span class='ocrx_word' id='word_1_64' title='bbox 569 1291 736 1356; x_wconf 86' lang='lat' dir='ltr'><strong><em>fuissemus</em></strong></span> <span class='ocrx_word' id='word_1_65' title='bbox 750 1292 916 1373; x_wconf 87' lang='lat' dir='ltr'><strong><em>persecuti.</em></strong></span> <span class='ocrx_word' id='word_1_66' title='bbox 953 1291 1010 1356; x_wconf 91' lang='lat' dir='ltr'><strong><em>sed</em></strong></span> <span class='ocrx_word' id='word_1_67' title='bbox 1024 1291 1178 1374; x_wconf 88' lang='lat' dir='ltr'><strong><em>quomodo</em></strong></span> <span class='ocrx_word' id='word_1_68' title='bbox 1193 1292 1280 1357; x_wconf 91' lang='lat' dir='ltr'><strong><em>istud</em></strong></span> 
     </span>
     <span class='ocr_line' id='line_1_10' title="bbox 158 1393 1280 1477; baseline 0 -18"><span class='ocrx_word' id='word_1_69' title='bbox 158 1395 369 1461; x_wconf 82' lang='lat' dir='ltr'><strong><em>fecissemus?</em></strong></span> <span class='ocrx_word' id='word_1_70' title='bbox 400 1395 453 1477; x_wconf 90' lang='lat' dir='ltr'><strong><em>qui</em></strong></span> <span class='ocrx_word' id='word_1_71' title='bbox 470 1394 647 1459; x_wconf 91' lang='lat' dir='ltr'><strong><em>sciebamus</em></strong></span> <span class='ocrx_word' id='word_1_72' title='bbox 659 1393 825 1475; x_wconf 89' lang='lat' dir='ltr'><strong><em>scriptum:</em></strong></span> <span class='ocrx_word' id='word_1_73' title='bbox 848 1393 1280 1475; x_wconf 73' lang='lat' dir='ltr'><strong><em>noiisabricareinamicum</em></strong></span> 
     </span>
    </p>

    <p class='ocr_par' dir='ltr' id='par_1_4' title="bbox 125 1497 1282 1682">
     <span class='ocr_line' id='line_1_11' title="bbox 125 1497 1280 1580; baseline 0.007 -24"><span class='ocrx_word' id='word_1_74' title='bbox 125 1503 248 1563; x_wconf 78' lang='lat' dir='ltr'><strong><em>rituum</em></strong></span> <span class='ocrx_word' id='word_1_75' title='bbox 269 1498 367 1580; x_wconf 87' lang='lat' dir='ltr'><strong><em>mata,</em></strong></span> <span class='ocrx_word' id='word_1_76' title='bbox 390 1499 427 1563; x_wconf 90' lang='lat' dir='ltr'><strong><em>in</em></strong></span> <span class='ocrx_word' id='word_1_77' title='bbox 452 1499 587 1563; x_wconf 80' lang='lat' dir='ltr'><strong><em>incolam</em></strong></span> <span class='ocrx_word' id='word_1_78' title='bbox 614 1502 643 1563; x_wconf 89' lang='lat' dir='ltr'><strong><em>et</em></strong></span> <span class='ocrx_word' id='word_1_79' title='bbox 663 1497 875 1579; x_wconf 70' lang='lat' dir='ltr'><strong><em>confidentem.</em></strong></span> <span class='ocrx_word' id='word_1_80' title='bbox 921 1497 988 1562; x_wconf 85' lang='lat' dir='ltr'><strong><em>uoti</em></strong></span> <span class='ocrx_word' id='word_1_81' title='bbox 1015 1499 1205 1564; x_wconf 86' lang='lat' dir='ltr'><strong><em>inimicitias</em></strong></span> <span class='ocrx_word' id='word_1_82' title='bbox 1227 1517 1280 1564; x_wconf 83' lang='lat' dir='ltr'><strong><em>ea·</em></strong></span> 
     </span>
     <span class='ocr_line' id='line_1_12' title="bbox 159 1600 1282 1682; baseline 0.001 -16"><span class='ocrx_word' id='word_1_83' title='bbox 159 1621 259 1667; x_wconf 87' lang='lat' dir='ltr'><strong><em>arcere</em></strong></span> <span class='ocrx_word' id='word_1_84' title='bbox 281 1602 434 1666; x_wconf 87' lang='lat' dir='ltr'><strong><em>aduersus</em></strong></span> <span class='ocrx_word' id='word_1_85' title='bbox 456 1600 614 1664; x_wconf 89' lang='lat' dir='ltr'><strong><em>bominem</em></strong></span> <span class='ocrx_word' id='word_1_86' title='bbox 643 1600 711 1664; x_wconf 85' lang='lat' dir='ltr'><strong><em>sine</em></strong></span> <span class='ocrx_word' id='word_1_87' title='bbox 731 1618 844 1679; x_wconf 88' lang='lat' dir='ltr'><strong><em>causa,</em></strong></span> <span class='ocrx_word' id='word_1_88' title='bbox 879 1620 918 1664; x_wconf 92' lang='lat' dir='ltr'><strong><em>ne</em></strong></span> <span class='ocrx_word' id='word_1_89' title='bbox 946 1600 1025 1681; x_wconf 77' lang='lat' dir='ltr'><strong><em>quid</em></strong></span> <span class='ocrx_word' id='word_1_90' title='bbox 1053 1600 1110 1664; x_wconf 92' lang='lat' dir='ltr'><strong><em>tibi</em></strong></span> <span class='ocrx_word' id='word_1_91' title='bbox 1139 1606 1282 1682; x_wconf 85' lang='lat' dir='ltr'><strong><em>operetur</em></strong></span> 
     </span>
    </p>
   </div>
   <div class='ocr_carea' id='block_1_3' title="bbox 159 1701 1404 1784">
    <p class='ocr_par' dir='ltr' id='par_1_5' title="bbox 159 1701 1404 1784">
     <span class='ocr_line' id='line_1_13' title="bbox 159 1701 1404 1784; baseline -0.005 -16"><span class='ocrx_word' id='word_1_92' title='bbox 159 1704 290 1768; x_wconf 83' lang='lat' dir='ltr'><strong><em>maium.</em></strong></span> <span class='ocrx_word' id='word_1_93' title='bbox 336 1703 391 1766; x_wconf 90' lang='lat' dir='ltr'><strong><em>aut</em></strong></span> <span class='ocrx_word' id='word_1_94' title='bbox 413 1701 566 1784; x_wconf 91' lang='lat' dir='ltr'><strong><em>numquid</em></strong></span> <span class='ocrx_word' id='word_1_95' title='bbox 587 1721 647 1766; x_wconf 92' lang='lat' dir='ltr'><strong><em>non</em></strong></span> <span class='ocrx_word' id='word_1_96' title='bbox 671 1702 738 1766; x_wconf 87' lang='lat' dir='ltr'><strong><em>erat</em></strong></span> <span class='ocrx_word' id='word_1_97' title='bbox 760 1701 826 1766; x_wconf 87' lang='lat' dir='ltr'><strong><em>sine</em></strong></span> <span class='ocrx_word' id='word_1_98' title='bbox 849 1719 955 1780; x_wconf 85' lang='lat' dir='ltr'><strong><em>causa,</em></strong></span> <span class='ocrx_word' id='word_1_99' title='bbox 984 1702 1012 1768; x_wconf 91' lang='lat' dir='ltr'><strong><em>si</em></strong></span> <span class='ocrx_word' id='word_1_100' title='bbox 1039 1705 1132 1784; x_wconf 90' lang='lat' dir='ltr'><strong><em>prout</em></strong></span> <span class='ocrx_word' id='word_1_101' title='bbox 1153 1705 1281 1770; x_wconf 87' lang='lat' dir='ltr'><strong><em>insanus</em></strong></span> <span class='ocrx_word' id='word_1_102' title='bbox 1398 1753 1404 1762; x_wconf 93' lang='lat'><strong><em>.</em></strong></span> 
     </span>
    </p>
   </div>
   <div class='ocr_carea' id='block_1_4' title="bbox 121 1804 1327 3844">
    <p class='ocr_par' dir='ltr' id='par_1_6' title="bbox 121 1804 1327 3844">
     <span class='ocr_line' id='line_1_14' title="bbox 159 1804 1282 1886; baseline 0 -15"><span class='ocrx_word' id='word_1_103' title='bbox 159 1805 244 1871; x_wconf 79' lang='lat' dir='ltr'><strong><em>tuor</em></strong></span> <span class='ocrx_word' id='word_1_104' title='bbox 267 1805 536 1871; x_wconf 80' lang='lat' dir='ltr'><strong><em>cohaereticorum</em></strong></span> <span class='ocrx_word' id='word_1_105' title='bbox 563 1805 690 1869; x_wconf 90' lang='lat' dir='ltr'><strong><em>tuorum</em></strong></span> <span class='ocrx_word' id='word_1_106' title='bbox 716 1822 772 1886; x_wconf 87' lang='lat' dir='ltr'><strong><em>per</em></strong></span> <span class='ocrx_word' id='word_1_107' title='bbox 787 1805 826 1869; x_wconf 92' lang='grc'><strong><em>16</em></strong></span> <span class='ocrx_word' id='word_1_108' title='bbox 848 1804 993 1881; x_wconf 83' lang='lat' dir='ltr'><strong><em>iusserat,</em></strong></span> <span class='ocrx_word' id='word_1_109' title='bbox 1026 1804 1059 1867; x_wconf 94' lang='lat' dir='ltr'><strong><em>in</em></strong></span> <span class='ocrx_word' id='word_1_110' title='bbox 1086 1805 1282 1872; x_wconf 78' lang='lat' dir='ltr'><strong><em>innocentem</em></strong></span> 
     </span>
     <span class='ocr_line' id='line_1_15' title="bbox 157 1906 1281 1988; baseline 0 -15"><span class='ocrx_word' id='word_1_111' title='bbox 157 1909 269 1973; x_wconf 86' lang='lat' dir='ltr'><strong><em>mortis</em></strong></span> <span class='ocrx_word' id='word_1_112' title='bbox 291 1908 475 1973; x_wconf 89' lang='lat' dir='ltr'><strong><em>tulissemus</em></strong></span> <span class='ocrx_word' id='word_1_113' title='bbox 499 1908 707 1973; x_wconf 76' lang='lat' dir='ltr'><strong><em>sententiam?</em></strong></span> <span class='ocrx_word' id='word_1_114' title='bbox 752 1907 901 1985; x_wconf 74' lang='lat' dir='ltr'><strong><em>usathi,</em></strong></span> <span class='ocrx_word' id='word_1_115' title='bbox 936 1906 1010 1988; x_wconf 86' lang='lat' dir='ltr'><strong><em>quia</em></strong></span> <span class='ocrx_word' id='word_1_116' title='bbox 1038 1906 1157 1971; x_wconf 87' lang='lat' dir='ltr'><strong><em>dictum</em></strong></span> <span class='ocrx_word' id='word_1_117' title='bbox 1188 1910 1281 1974; x_wconf 91' lang='grc'>1616</span> 
     </span>
     <span class='ocr_line' id='line_1_16' title="bbox 126 2009 1281 2098; baseline 0.005 -28"><span class='ocrx_word' id='word_1_118' title='bbox 126 2030 149 2070; x_wconf 82' lang='grc' dir='ltr'><strong><em>ιι</em></strong></span> <span class='ocrx_word' id='word_1_119' title='bbox 159 2012 360 2094; x_wconf 77' lang='lat' dir='ltr'><strong><em>persecutore</em></strong></span> <span class='ocrx_word' id='word_1_120' title='bbox 382 2013 487 2076; x_wconf 89' lang='lat' dir='ltr'><strong><em>nostro</em></strong></span> <span class='ocrx_word' id='word_1_121' title='bbox 503 2012 613 2076; x_wconf 90' lang='lat' dir='ltr'><strong><em>uideo:</em></strong></span> <span class='ocrx_word' id='word_1_122' title='bbox 636 2011 743 2077; x_wconf 82' lang='lat' dir='ltr'><strong><em>mulus</em></strong></span> <span class='ocrx_word' id='word_1_123' title='bbox 758 2010 1005 2091; x_wconf 83' lang='lat' dir='ltr'><strong><em>contumeiiosus,</em></strong></span> <span class='ocrx_word' id='word_1_124' title='bbox 1028 2009 1141 2092; x_wconf 79' lang='lat' dir='ltr'><strong><em>tiupua</em></strong></span> <span class='ocrx_word' id='word_1_125' title='bbox 1157 2012 1281 2098; x_wconf 77' lang='lat' dir='ltr'><strong><em>iniqua,</em></strong></span> 
     </span>
     <span class='ocr_line' id='line_1_17' title="bbox 160 2113 1280 2197; baseline 0 -18"><span class='ocrx_word' id='word_1_126' title='bbox 160 2134 277 2180; x_wconf 80' lang='lat' dir='ltr'><strong><em>murus</em></strong></span> <span class='ocrx_word' id='word_1_127' title='bbox 298 2119 373 2179; x_wconf 89' lang='lat' dir='ltr'><strong><em>sunt</em></strong></span> <span class='ocrx_word' id='word_1_128' title='bbox 386 2115 577 2196; x_wconf 85' lang='lat' dir='ltr'><strong><em>effundentes</em></strong></span> <span class='ocrx_word' id='word_1_129' title='bbox 592 2115 781 2197; x_wconf 64' lang='lat' dir='ltr'><strong><em>sanquinem</em></strong></span> <span class='ocrx_word' id='word_1_130' title='bbox 795 2115 881 2192; x_wconf 89' lang='lat' dir='ltr'><strong><em>iusti,</em></strong></span> <span class='ocrx_word' id='word_1_131' title='bbox 905 2117 935 2177; x_wconf 92' lang='lat' dir='ltr'><strong><em>et</em></strong></span> <span class='ocrx_word' id='word_1_132' title='bbox 951 2133 1004 2177; x_wconf 92' lang='lat' dir='ltr'><strong><em>cor</em></strong></span> <span class='ocrx_word' id='word_1_133' title='bbox 1016 2113 1179 2195; x_wconf 70' lang='lat' dir='ltr'><strong><em>fabricans</em></strong></span> <span class='ocrx_word' id='word_1_134' title='bbox 1198 2117 1280 2197; x_wconf 75' lang='lat' dir='ltr'><strong><em>aopi·</em></strong></span> 
     </span>
     <span class='ocr_line' id='line_1_18' title="bbox 162 2216 1281 2299; baseline -0.001 -16"><span class='ocrx_word' id='word_1_135' title='bbox 162 2219 296 2283; x_wconf 84' lang='lat' dir='ltr'><strong><em>tationes</em></strong></span> <span class='ocrx_word' id='word_1_136' title='bbox 310 2218 424 2297; x_wconf 88' lang='lat' dir='ltr'><strong><em>malas,</em></strong></span> <span class='ocrx_word' id='word_1_137' title='bbox 440 2222 470 2281; x_wconf 87' lang='lat' dir='ltr'><strong><em>et</em></strong></span> <span class='ocrx_word' id='word_1_138' title='bbox 477 2218 575 2299; x_wconf 87' lang='lat' dir='ltr'><strong><em>pedes</em></strong></span> <span class='ocrx_word' id='word_1_139' title='bbox 588 2218 774 2299; x_wconf 76' lang='lat' dir='ltr'><strong><em>festinantes</em></strong></span> <span class='ocrx_word' id='word_1_140' title='bbox 789 2217 832 2280; x_wconf 87' lang='lat' dir='ltr'><strong><em>ad</em></strong></span> <span class='ocrx_word' id='word_1_141' title='bbox 846 2217 930 2281; x_wconf 89' lang='lat' dir='ltr'><strong><em>mate</em></strong></span> <span class='ocrx_word' id='word_1_142' title='bbox 942 2216 1135 2299; x_wconf 72' lang='lat' dir='ltr'><strong><em>taciendam.</em></strong></span> <span class='ocrx_word' id='word_1_143' title='bbox 1159 2217 1281 2299; x_wconf 80' lang='lat' dir='ltr'><strong><em>legisti:</em></strong></span> 
     </span>
     <span class='ocr_line' id='line_1_19' title="bbox 160 2304 1327 2406; baseline 0 -20"><span class='ocrx_word' id='word_1_144' title='bbox 160 2322 219 2406; x_wconf 78' lang='lat' dir='ltr'><strong><em>pili,</em></strong></span> <span class='ocrx_word' id='word_1_145' title='bbox 233 2322 352 2386; x_wconf 82' lang='lat' dir='ltr'><strong><em>bonora</em></strong></span> <span class='ocrx_word' id='word_1_146' title='bbox 363 2321 535 2398; x_wconf 85' lang='lat' dir='ltr'><strong><em>domiuum,</em></strong></span> <span class='ocrx_word' id='word_1_147' title='bbox 548 2325 578 2386; x_wconf 91' lang='lat' dir='ltr'><strong><em>et</em></strong></span> <span class='ocrx_word' id='word_1_148' title='bbox 588 2321 709 2385; x_wconf 81' lang='lat' dir='ltr'><strong><em>nabebis</em></strong></span> <span class='ocrx_word' id='word_1_149' title='bbox 715 2339 728 2398; x_wconf 91' lang='lat'><em>;</em></span> <span class='ocrx_word' id='word_1_150' title='bbox 737 2324 949 2401; x_wconf 89' lang='lat' dir='ltr'><strong><em>praeteream</em></strong></span> <span class='ocrx_word' id='word_1_151' title='bbox 959 2321 1283 2401; x_wconf 69' lang='lat' dir='ltr'><strong><em>mantuanorum</em></strong></span> <span class='ocrx_word' id='word_1_152' title='bbox 1322 2304 1327 2310; x_wconf 47' lang='grc'><em>’</em></span> 
     </span>
     <span class='ocr_line' id='line_1_20' title="bbox 163 2421 1283 2501; baseline -0.002 -12"><span class='ocrx_word' id='word_1_153' title='bbox 163 2425 195 2490; x_wconf 88' lang='grc'><strong><em>61</em></strong></span> <span class='ocrx_word' id='word_1_154' title='bbox 212 2425 322 2489; x_wconf 89' lang='lat' dir='ltr'><strong><em>tamen</em></strong></span> <span class='ocrx_word' id='word_1_155' title='bbox 343 2423 376 2488; x_wconf 90' lang='lat' dir='ltr'><strong><em>te</em></strong></span> <span class='ocrx_word' id='word_1_156' title='bbox 399 2424 503 2489; x_wconf 86' lang='lat' dir='ltr'><strong><em>timeri</em></strong></span> <span class='ocrx_word' id='word_1_157' title='bbox 517 2423 656 2501; x_wconf 84' lang='lat' dir='ltr'><strong><em>uoluisti,</em></strong></span> <span class='ocrx_word' id='word_1_158' title='bbox 681 2423 775 2487; x_wconf 93' lang='lat' dir='ltr'><strong><em>deum</em></strong></span> <span class='ocrx_word' id='word_1_159' title='bbox 790 2442 865 2487; x_wconf 90' lang='lat' dir='ltr'><strong><em>uero</em></strong></span> <span class='ocrx_word' id='word_1_160' title='bbox 881 2422 1046 2487; x_wconf 85' lang='lat' dir='ltr'><strong><em>contemni.</em></strong></span> <span class='ocrx_word' id='word_1_161' title='bbox 1069 2421 1153 2486; x_wconf 88' lang='lat' dir='ltr'><strong><em>unde</em></strong></span> <span class='ocrx_word' id='word_1_162' title='bbox 1169 2423 1283 2487; x_wconf 89' lang='lat' dir='ltr'><strong><em>etenim</em></strong></span> 
     </span>
     <span class='ocr_line' id='line_1_21' title="bbox 129 2524 1283 2608; baseline -0.003 -16"><span class='ocrx_word' id='word_1_163' title='bbox 129 2541 151 2581; x_wconf 72' lang='lat' dir='ltr'><strong><em>u</em></strong></span> <span class='ocrx_word' id='word_1_164' title='bbox 162 2527 265 2592; x_wconf 87' lang='lat' dir='ltr'><strong><em>solum</em></strong></span> <span class='ocrx_word' id='word_1_165' title='bbox 289 2526 383 2590; x_wconf 91' lang='lat' dir='ltr'><strong><em>deum</em></strong></span> <span class='ocrx_word' id='word_1_166' title='bbox 404 2526 606 2608; x_wconf 85' lang='lat' dir='ltr'><strong><em>potueramus</em></strong></span> <span class='ocrx_word' id='word_1_167' title='bbox 627 2525 758 2606; x_wconf 87' lang='lat' dir='ltr'><strong><em>reperiri</em></strong></span> <span class='ocrx_word' id='word_1_168' title='bbox 771 2525 958 2602; x_wconf 87' lang='lat' dir='ltr'><strong><em>metuentes,</em></strong></span> <span class='ocrx_word' id='word_1_169' title='bbox 982 2524 1009 2588; x_wconf 94' lang='lat' dir='ltr'><strong><em>si</em></strong></span> <span class='ocrx_word' id='word_1_170' title='bbox 1023 2524 1115 2588; x_wconf 92' lang='lat' dir='ltr'><strong><em>minis</em></strong></span> <span class='ocrx_word' id='word_1_171' title='bbox 1129 2524 1193 2589; x_wconf 92' lang='lat' dir='ltr'><strong><em>tuis</em></strong></span> <span class='ocrx_word' id='word_1_172' title='bbox 1208 2544 1283 2589; x_wconf 88' lang='lat' dir='ltr'><strong><em>suc-</em></strong></span> 
     </span>
     <span class='ocr_line' id='line_1_22' title="bbox 163 2627 1283 2710; baseline -0.002 -16"><span class='ocrx_word' id='word_1_173' title='bbox 163 2629 347 2694; x_wconf 89' lang='lat' dir='ltr'><strong><em>cumbentes</em></strong></span> <span class='ocrx_word' id='word_1_174' title='bbox 363 2629 525 2694; x_wconf 83' lang='lat' dir='ltr'><strong><em>absentem</em></strong></span> <span class='ocrx_word' id='word_1_175' title='bbox 539 2628 716 2693; x_wconf 89' lang='lat' dir='ltr'><strong><em>inauditum</em></strong></span> <span class='ocrx_word' id='word_1_176' title='bbox 732 2627 906 2709; x_wconf 90' lang='lat' dir='ltr'><strong><em>etquidem</em></strong></span> <span class='ocrx_word' id='word_1_177' title='bbox 923 2646 1003 2706; x_wconf 90' lang='lat' dir='ltr'><strong><em>eum,</em></strong></span> <span class='ocrx_word' id='word_1_178' title='bbox 1023 2645 1116 2710; x_wconf 88' lang='lat' dir='ltr'><strong><em>quem</em></strong></span> <span class='ocrx_word' id='word_1_179' title='bbox 1132 2627 1283 2692; x_wconf 87' lang='lat' dir='ltr'><strong><em>sciremus</em></strong></span> 
     </span>
     <span class='ocr_line' id='line_1_23' title="bbox 162 2728 1283 2810; baseline -0.003 -12"><span class='ocrx_word' id='word_1_180' title='bbox 162 2733 291 2810; x_wconf 84' lang='lat' dir='ltr'><strong><em>iustum,</em></strong></span> <span class='ocrx_word' id='word_1_181' title='bbox 317 2733 557 2796; x_wconf 79' lang='lat' dir='ltr'><strong><em>damnaremus?</em></strong></span> <span class='ocrx_word' id='word_1_182' title='bbox 580 2730 727 2795; x_wconf 83' lang='lat' dir='ltr'><strong><em>Salomon</em></strong></span> <span class='ocrx_word' id='word_1_183' title='bbox 751 2729 841 2793; x_wconf 89' lang='lat' dir='ltr'><strong><em>dicit:</em></strong></span> <span class='ocrx_word' id='word_1_184' title='bbox 864 2734 983 2794; x_wconf 88' lang='lat' dir='ltr'><strong><em>statera</em></strong></span> <span class='ocrx_word' id='word_1_185' title='bbox 1004 2728 1068 2793; x_wconf 85' lang='lat' dir='ltr'><strong><em>doti</em></strong></span> <span class='ocrx_word' id='word_1_186' title='bbox 1089 2730 1283 2796; x_wconf 88' lang='lat' dir='ltr'><strong><em>abominatio</em></strong></span> 
     </span>
     <span class='ocr_line' id='line_1_24' title="bbox 162 2835 1282 2918; baseline -0.004 -17"><span class='ocrx_word' id='word_1_187' title='bbox 162 2841 207 2901; x_wconf 88' lang='lat' dir='ltr'><strong><em>est</em></strong></span> <span class='ocrx_word' id='word_1_188' title='bbox 236 2856 343 2902; x_wconf 88' lang='lat' dir='ltr'><strong><em>coram</em></strong></span> <span class='ocrx_word' id='word_1_189' title='bbox 371 2836 509 2918; x_wconf 84' lang='lat' dir='ltr'><strong><em>domiuo,</em></strong></span> <span class='ocrx_word' id='word_1_190' title='bbox 537 2835 666 2916; x_wconf 85' lang='lat' dir='ltr'><strong><em>pondus</em></strong></span> <span class='ocrx_word' id='word_1_191' title='bbox 694 2838 799 2898; x_wconf 89' lang='lat' dir='ltr'><strong><em>autem</em></strong></span> <span class='ocrx_word' id='word_1_192' title='bbox 826 2853 961 2914; x_wconf 79' lang='lat' dir='ltr'><strong><em>aequum</em></strong></span> <span class='ocrx_word' id='word_1_193' title='bbox 989 2837 1147 2913; x_wconf 89' lang='lat' dir='ltr'><strong><em>acceptum</em></strong></span> <span class='ocrx_word' id='word_1_194' title='bbox 1173 2838 1218 2897; x_wconf 90' lang='lat' dir='ltr'><strong><em>est</em></strong></span> <span class='ocrx_word' id='word_1_195' title='bbox 1246 2835 1282 2899; x_wconf 91' lang='lat' dir='ltr'><strong><em>ei.</em></strong></span> 
     </span>
     <span class='ocr_line' id='line_1_25' title="bbox 163 2935 1284 3020; baseline -0.003 -18"><span class='ocrx_word' id='word_1_196' title='bbox 163 2939 199 3002; x_wconf 93' lang='lat' dir='ltr'><strong><em>tu</em></strong></span> <span class='ocrx_word' id='word_1_197' title='bbox 215 2940 325 3004; x_wconf 85' lang='lat' dir='ltr'><strong><em>eontra</em></strong></span> <span class='ocrx_word' id='word_1_198' title='bbox 339 2936 564 3017; x_wconf 51' lang='lat' dir='ltr'><strong><em>mandarepnon</em></strong></span> <span class='ocrx_word' id='word_1_199' title='bbox 581 2936 721 3001; x_wconf 82' lang='lat' dir='ltr'><strong><em>dubitas:</em></strong></span> <span class='ocrx_word' id='word_1_200' title='bbox 738 2937 888 3001; x_wconf 84' lang='lat' dir='ltr'><strong><em>damnate</em></strong></span> <span class='ocrx_word' id='word_1_201' title='bbox 899 2937 1019 3000; x_wconf 89' lang='lat' dir='ltr'><strong><em>iniusto</em></strong></span> <span class='ocrx_word' id='word_1_202' title='bbox 1033 2935 1152 2999; x_wconf 86' lang='lat' dir='ltr'><strong><em>iudicio</em></strong></span> <span class='ocrx_word' id='word_1_203' title='bbox 1164 2937 1284 3020; x_wconf 91' lang='lat' dir='ltr'><strong><em>uirum,</em></strong></span> 
     </span>
     <span class='ocr_line' id='line_1_26' title="bbox 129 3036 1283 3122; baseline -0.001 -20"><span class='ocrx_word' id='word_1_204' title='bbox 129 3043 221 3109; x_wconf 80' lang='lat' dir='ltr'><strong><em>ahoe</em></strong></span> <span class='ocrx_word' id='word_1_205' title='bbox 244 3043 367 3106; x_wconf 87' lang='lat' dir='ltr'><strong><em>rectum</em></strong></span> <span class='ocrx_word' id='word_1_206' title='bbox 396 3041 509 3122; x_wconf 91' lang='lat' dir='ltr'><strong><em>putans</em></strong></span> <span class='ocrx_word' id='word_1_207' title='bbox 538 3039 622 3122; x_wconf 88' lang='lat' dir='ltr'><strong><em>quod</em></strong></span> <span class='ocrx_word' id='word_1_208' title='bbox 642 3058 826 3121; x_wconf 87' lang='lat' dir='ltr'><strong><em>peruersum</em></strong></span> <span class='ocrx_word' id='word_1_209' title='bbox 849 3039 906 3103; x_wconf 87' lang='lat' dir='ltr'><strong><em>est.</em></strong></span> <span class='ocrx_word' id='word_1_210' title='bbox 945 3039 1053 3103; x_wconf 87' lang='lat' dir='ltr'><strong><em>adhuc</em></strong></span> <span class='ocrx_word' id='word_1_211' title='bbox 1077 3036 1224 3102; x_wconf 86' lang='lat' dir='ltr'><strong><em>Salomon</em></strong></span> <span class='ocrx_word' id='word_1_212' title='bbox 1245 3038 1283 3102; x_wconf 89' lang='lat' dir='ltr'><strong><em>de</em></strong></span> 
     </span>
     <span class='ocr_line' id='line_1_27' title="bbox 163 3143 1283 3225; baseline -0.002 -17"><span class='ocrx_word' id='word_1_213' title='bbox 163 3145 195 3209; x_wconf 87' lang='lat' dir='ltr'><strong><em>te</em></strong></span> <span class='ocrx_word' id='word_1_214' title='bbox 219 3163 255 3208; x_wconf 89' lang='lat' dir='ltr'><strong><em>ac</em></strong></span> <span class='ocrx_word' id='word_1_215' title='bbox 285 3145 344 3209; x_wconf 92' lang='lat' dir='ltr'><strong><em>tibi</em></strong></span> <span class='ocrx_word' id='word_1_216' title='bbox 372 3144 543 3210; x_wconf 85' lang='lat' dir='ltr'><strong><em>similibus:</em></strong></span> <span class='ocrx_word' id='word_1_217' title='bbox 577 3144 650 3208; x_wconf 90' lang='lat' dir='ltr'><strong><em>uiae</em></strong></span> <span class='ocrx_word' id='word_1_218' title='bbox 677 3144 900 3225; x_wconf 87' lang='lat' dir='ltr'><strong><em>insipientium</em></strong></span> <span class='ocrx_word' id='word_1_219' title='bbox 927 3147 1029 3207; x_wconf 88' lang='lat' dir='ltr'><strong><em>rectae</em></strong></span> <span class='ocrx_word' id='word_1_220' title='bbox 1058 3161 1164 3206; x_wconf 82' lang='lat' dir='ltr'><strong><em>coram</em></strong></span> <span class='ocrx_word' id='word_1_221' title='bbox 1194 3143 1283 3223; x_wconf 69' lang='lat' dir='ltr'><strong><em>psas,</em></strong></span> 
     </span>
     <span class='ocr_line' id='line_1_28' title="bbox 163 3245 1283 3330; baseline -0.005 -17"><span class='ocrx_word' id='word_1_222' title='bbox 163 3248 296 3313; x_wconf 78' lang='lat' dir='ltr'><strong><em>exaudit</em></strong></span> <span class='ocrx_word' id='word_1_223' title='bbox 310 3251 414 3312; x_wconf 75' lang='lat' dir='ltr'><strong><em>auum</em></strong></span> <span class='ocrx_word' id='word_1_224' title='bbox 429 3247 564 3312; x_wconf 86' lang='lat' dir='ltr'><strong><em>consilia</em></strong></span> <span class='ocrx_word' id='word_1_225' title='bbox 579 3247 717 3328; x_wconf 84' lang='lat' dir='ltr'><strong><em>sapiens.</em></strong></span> <span class='ocrx_word' id='word_1_226' title='bbox 751 3247 910 3329; x_wconf 86' lang='lat' dir='ltr'><strong><em>damnate,</em></strong></span> <span class='ocrx_word' id='word_1_227' title='bbox 926 3246 1039 3330; x_wconf 84' lang='lat' dir='ltr'><strong><em>inquis,</em></strong></span> <span class='ocrx_word' id='word_1_228' title='bbox 1056 3245 1283 3320; x_wconf 75' lang='lat' dir='ltr'><strong><em>Athanasium,</em></strong></span> 
     </span>
     <span class='ocr_line' id='line_1_29' title="bbox 166 3348 1284 3432; baseline -0.004 -18"><span class='ocrx_word' id='word_1_229' title='bbox 166 3349 347 3432; x_wconf 86' lang='lat' dir='ltr'><strong><em>etquidem</em></strong></span> <span class='ocrx_word' id='word_1_230' title='bbox 369 3350 423 3414; x_wconf 93' lang='lat' dir='ltr'><strong><em>ubi</em></strong></span> <span class='ocrx_word' id='word_1_231' title='bbox 452 3350 559 3413; x_wconf 86' lang='lat' dir='ltr'><strong><em>ualere</em></strong></span> <span class='ocrx_word' id='word_1_232' title='bbox 589 3367 649 3414; x_wconf 90' lang='lat' dir='ltr'><strong><em>non</em></strong></span> <span class='ocrx_word' id='word_1_233' title='bbox 669 3349 799 3431; x_wconf 90' lang='lat' dir='ltr'><strong><em>potuisti</em></strong></span> <span class='ocrx_word' id='word_1_234' title='bbox 826 3349 950 3431; x_wconf 85' lang='lat' dir='ltr'><strong><em>ingenio</em></strong></span> <span class='ocrx_word' id='word_1_235' title='bbox 980 3348 1185 3412; x_wconf 83' lang='lat' dir='ltr'><strong><em>detestandae</em></strong></span> <span class='ocrx_word' id='word_1_236' title='bbox 1208 3348 1284 3411; x_wconf 92' lang='lat' dir='ltr'><strong><em>sub-</em></strong></span> 
     </span>
     <span class='ocr_line' id='line_1_30' title="bbox 163 3448 1285 3535; baseline -0.004 -18"><span class='ocrx_word' id='word_1_237' title='bbox 163 3453 290 3518; x_wconf 87' lang='lat' dir='ltr'><strong><em>tilitatis</em></strong></span> <span class='ocrx_word' id='word_1_238' title='bbox 311 3454 396 3532; x_wconf 82' lang='lat' dir='ltr'><strong><em>tuae,</em></strong></span> <span class='ocrx_word' id='word_1_239' title='bbox 419 3454 538 3518; x_wconf 81' lang='lat' dir='ltr'><strong><em>mribus</em></strong></span> <span class='ocrx_word' id='word_1_240' title='bbox 560 3453 683 3535; x_wconf 87' lang='lat' dir='ltr'><strong><em>imperii</em></strong></span> <span class='ocrx_word' id='word_1_241' title='bbox 704 3452 752 3517; x_wconf 89' lang='lat' dir='ltr'><strong><em>tui</em></strong></span> <span class='ocrx_word' id='word_1_242' title='bbox 775 3453 914 3535; x_wconf 86' lang='lat' dir='ltr'><strong><em>coepisti.</em></strong></span> <span class='ocrx_word' id='word_1_243' title='bbox 960 3452 999 3515; x_wconf 91' lang='lat' dir='ltr'><strong><em>de</em></strong></span> <span class='ocrx_word' id='word_1_244' title='bbox 1021 3452 1053 3515; x_wconf 94' lang='grc'><strong><em>16</em></strong></span> <span class='ocrx_word' id='word_1_245' title='bbox 1075 3452 1182 3534; x_wconf 89' lang='lat' dir='ltr'><strong><em>itaque</em></strong></span> <span class='ocrx_word' id='word_1_246' title='bbox 1205 3448 1285 3512; x_wconf 87' lang='lat' dir='ltr'><strong><em>sori-</em></strong></span> 
     </span>
     <span class='ocr_line' id='line_1_31' title="bbox 121 3553 1285 3640; baseline -0.005 -20"><span class='ocrx_word' id='word_1_247' title='bbox 121 3555 253 3637; x_wconf 82' lang='lat' dir='ltr'><strong><em>mptum</em></strong></span> <span class='ocrx_word' id='word_1_248' title='bbox 276 3556 399 3638; x_wconf 88' lang='lat' dir='ltr'><strong><em>accipe:</em></strong></span> <span class='ocrx_word' id='word_1_249' title='bbox 432 3557 537 3621; x_wconf 84' lang='lat' dir='ltr'><strong><em>malus</em></strong></span> <span class='ocrx_word' id='word_1_250' title='bbox 563 3564 634 3621; x_wconf 86' lang='lat' dir='ltr'><strong><em>cum</em></strong></span> <span class='ocrx_word' id='word_1_251' title='bbox 661 3558 854 3622; x_wconf 75' lang='lat' dir='ltr'><strong><em>contumelia</em></strong></span> <span class='ocrx_word' id='word_1_252' title='bbox 881 3557 949 3638; x_wconf 79' lang='lat' dir='ltr'><strong><em>apit</em></strong></span> <span class='ocrx_word' id='word_1_253' title='bbox 971 3556 1072 3640; x_wconf 90' lang='lat' dir='ltr'><strong><em>mata,</em></strong></span> <span class='ocrx_word' id='word_1_254' title='bbox 1108 3553 1140 3616; x_wconf 96' lang='grc'><strong><em>61</em></strong></span> <span class='ocrx_word' id='word_1_255' title='bbox 1160 3553 1285 3629; x_wconf 88' lang='lat' dir='ltr'><strong><em>iterum,</em></strong></span> 
     </span>
     <span class='ocr_line' id='line_1_32' title="bbox 167 3655 1287 3740; baseline -0.003 -18"><span class='ocrx_word' id='word_1_256' title='bbox 167 3658 249 3739; x_wconf 91' lang='lat' dir='ltr'><strong><em>quod</em></strong></span> <span class='ocrx_word' id='word_1_257' title='bbox 271 3659 371 3723; x_wconf 91' lang='lat' dir='ltr'><strong><em>temet</em></strong></span> <span class='ocrx_word' id='word_1_258' title='bbox 392 3659 436 3723; x_wconf 92' lang='lat' dir='ltr'><strong><em>sic</em></strong></span> <span class='ocrx_word' id='word_1_259' title='bbox 451 3658 565 3740; x_wconf 87' lang='lat' dir='ltr'><strong><em>laqueo</em></strong></span> <span class='ocrx_word' id='word_1_260' title='bbox 580 3659 644 3721; x_wconf 90' lang='lat' dir='ltr'><strong><em>iam</em></strong></span> <span class='ocrx_word' id='word_1_261' title='bbox 659 3659 832 3737; x_wconf 80' lang='lat' dir='ltr'><strong><em>assaumis,</em></strong></span> <span class='ocrx_word' id='word_1_262' title='bbox 849 3657 1005 3722; x_wconf 89' lang='lat' dir='ltr'><strong><em>haerendo</em></strong></span> <span class='ocrx_word' id='word_1_263' title='bbox 1020 3656 1169 3733; x_wconf 84' lang='lat' dir='ltr'><strong><em>Arrianis,</em></strong></span> <span class='ocrx_word' id='word_1_264' title='bbox 1194 3655 1287 3720; x_wconf 86' lang='lat' dir='ltr'><strong><em>sicuti</em></strong></span> 
     </span>
     <span class='ocr_line' id='line_1_33' title="bbox 168 3760 1288 3844; baseline 0.001 -22"><span class='ocrx_word' id='word_1_265' title='bbox 168 3761 200 3823; x_wconf 90' lang='lat' dir='ltr'><strong><em>et</em></strong></span> <span class='ocrx_word' id='word_1_266' title='bbox 214 3762 311 3826; x_wconf 88' lang='lat' dir='ltr'><strong><em>Iudas</em></strong></span> <span class='ocrx_word' id='word_1_267' title='bbox 328 3761 506 3827; x_wconf 82' lang='lat' dir='ltr'><strong><em>Scariothes</em></strong></span> <span class='ocrx_word' id='word_1_268' title='bbox 520 3761 664 3826; x_wconf 90' lang='lat' dir='ltr'><strong><em>Iudaeis:</em></strong></span> <span class='ocrx_word' id='word_1_269' title='bbox 689 3762 740 3826; x_wconf 85' lang='lat' dir='ltr'><strong><em>tea</em></strong></span> <span class='ocrx_word' id='word_1_270' title='bbox 755 3763 892 3844; x_wconf 87' lang='lat' dir='ltr'><strong><em>sapienti</em></strong></span> <span class='ocrx_word' id='word_1_271' title='bbox 906 3761 980 3842; x_wconf 76' lang='lat' dir='ltr'><strong><em>faus</em></strong></span> <span class='ocrx_word' id='word_1_272' title='bbox 994 3764 1042 3824; x_wconf 89' lang='lat' dir='ltr'><strong><em>est</em></strong></span> <span class='ocrx_word' id='word_1_273' title='bbox 1053 3760 1149 3835; x_wconf 91' lang='lat' dir='ltr'><strong><em>uitae,</em></strong></span> <span class='ocrx_word' id='word_1_274' title='bbox 1173 3760 1288 3824; x_wconf 87' lang='lat' dir='ltr'><strong><em>stultus</em></strong></span> 
     </span>
    </p>
   </div>
   <div class='ocr_carea' id='block_1_5' title="bbox 168 3945 1286 4098">
    <p class='ocr_par' dir='ltr' id='par_1_7' title="bbox 168 3945 1286 4088">
     <span class='ocr_line' id='line_1_34' title="bbox 269 3945 1286 4016; baseline -0.001 -16"><span class='ocrx_word' id='word_1_275' title='bbox 269 3947 379 4000; x_wconf 85' lang='lat' dir='ltr'><strong><em>9Prou.</em></strong></span> <span class='ocrx_word' id='word_1_276' title='bbox 398 3947 423 4011; x_wconf 87' lang='lat'><strong><em>3,</em></strong></span> <span class='ocrx_word' id='word_1_277' title='bbox 442 3948 482 4002; x_wconf 81' lang='lat'><strong><em>29.</em></strong></span> <span class='ocrx_word' id='word_1_278' title='bbox 501 3947 534 4000; x_wconf 87' lang='lat'><strong><em>30</em></strong></span> <span class='ocrx_word' id='word_1_279' title='bbox 620 3947 653 3999; x_wconf 88' lang='grc'><strong><em>15</em></strong></span> <span class='ocrx_word' id='word_1_280' title='bbox 670 3946 706 3999; x_wconf 85' lang='grc'>11).</span> <span class='ocrx_word' id='word_1_281' title='bbox 725 3947 749 4016; x_wconf 91' lang='lat'><strong><em>6,</em></strong></span> <span class='ocrx_word' id='word_1_282' title='bbox 769 3948 809 4000; x_wconf 82' lang='lat'><strong><em>17.</em></strong></span> <span class='ocrx_word' id='word_1_283' title='bbox 828 3947 861 4000; x_wconf 93' lang='grc'><strong><em>18</em></strong></span> <span class='ocrx_word' id='word_1_284' title='bbox 948 3946 981 4000; x_wconf 88' lang='lat'><strong><em>18</em></strong></span> <span class='ocrx_word' id='word_1_285' title='bbox 997 3945 1034 4000; x_wconf 89' lang='lat' dir='ltr'><strong><em>ib.</em></strong></span> <span class='ocrx_word' id='word_1_286' title='bbox 1053 3946 1110 4010; x_wconf 82' lang='lat'><strong><em>7‚1</em></strong></span> <span class='ocrx_word' id='word_1_287' title='bbox 1199 3945 1233 3998; x_wconf 79' lang='lat'><strong><em>22</em></strong></span> <span class='ocrx_word' id='word_1_288' title='bbox 1251 3946 1286 3999; x_wconf 91' lang='lat' dir='ltr'><strong><em>ib.</em></strong></span> 
     </span>
     <span class='ocr_line' id='line_1_35' title="bbox 168 4030 1051 4098; baseline 0.002 -15"><span class='ocrx_word' id='word_1_289' title='bbox 168 4030 242 4097; x_wconf 94' lang='lat'><strong><em>111</em></strong></span> <span class='ocrx_word' id='word_1_290' title='bbox 312 4032 346 4086; x_wconf 86' lang='grc'><strong><em>26</em></strong></span> <span class='ocrx_word' id='word_1_291' title='bbox 363 4033 399 4088; x_wconf 91' lang='lat' dir='ltr'><strong><em>ib</em></strong></span> <span class='ocrx_word' id='word_1_292' title='bbox 419 4034 460 4097; x_wconf 75' lang='lat'><strong><em>12,</em></strong></span> <span class='ocrx_word' id='word_1_293' title='bbox 479 4033 512 4085; x_wconf 85' lang='lat'><strong><em>15</em></strong></span> <span class='ocrx_word' id='word_1_294' title='bbox 581 4033 668 4087; x_wconf 75' lang='lat' dir='ltr'><strong><em>abib.</em></strong></span> <span class='ocrx_word' id='word_1_295' title='bbox 687 4032 729 4098; x_wconf 85' lang='lat'><strong><em>13,</em></strong></span> <span class='ocrx_word' id='word_1_296' title='bbox 748 4033 780 4086; x_wconf 91' lang='lat'><strong><em>10</em></strong></span> <span class='ocrx_word' id='word_1_297' title='bbox 849 4032 936 4088; x_wconf 81' lang='grc'>3211).</span> <span class='ocrx_word' id='word_1_298' title='bbox 956 4032 997 4097; x_wconf 83' lang='grc'><strong><em>13,</em></strong></span> <span class='ocrx_word' id='word_1_299' title='bbox 1017 4033 1051 4086; x_wconf 82' lang='grc'><strong><em>14</em></strong></span> 
     </span>
    </p>
   </div>
   <div class='ocr_carea' id='block_1_6' title="bbox 168 4182 1219 4377">
    <p class='ocr_par' dir='ltr' id='par_1_8' title="bbox 168 4182 1219 4377">
     <span class='ocr_line' id='line_1_36' title="bbox 217 4182 1219 4299; baseline 0.004 -45"><span class='ocrx_word' id='word_1_300' title='bbox 217 4182 349 4256; x_wconf 76' lang='lat' dir='ltr'><strong><em>taedent</em></strong></span> <span class='ocrx_word' id='word_1_301' title='bbox 451 4202 483 4299; x_wconf 90' lang='lat'><strong><em>19</em></strong></span> <span class='ocrx_word' id='word_1_302' title='bbox 501 4204 651 4272; x_wconf 86' lang='lat' dir='ltr'><strong><em>contempni</em></strong></span> <span class='ocrx_word' id='word_1_303' title='bbox 752 4203 785 4256; x_wconf 87' lang='lat'><strong><em>20</em></strong></span> <span class='ocrx_word' id='word_1_304' title='bbox 802 4204 994 4272; x_wconf 88' lang='lat' dir='ltr'><strong><em>potuerimuso</em></strong></span> <span class='ocrx_word' id='word_1_305' title='bbox 1096 4204 1219 4272; x_wconf 85' lang='lat' dir='ltr'><strong><em>repperiri</em></strong></span> 
     </span>
     <span class='ocr_line' id='line_1_37' title="bbox 168 4272 1115 4377; baseline 0.008 -23"><span class='ocrx_word' id='word_1_306' title='bbox 168 4302 202 4357; x_wconf 82' lang='lat'><strong><em>28</em></strong></span> <span class='ocrx_word' id='word_1_307' title='bbox 220 4303 377 4358; x_wconf 87' lang='lat' dir='ltr'><strong><em>detestande</em></strong></span> <span class='ocrx_word' id='word_1_308' title='bbox 395 4272 564 4360; x_wconf 77' lang='lat' dir='ltr'><strong><em>subtalitatbs</em></strong></span> <span class='ocrx_word' id='word_1_309' title='bbox 632 4305 666 4361; x_wconf 83' lang='lat'><strong><em>32</em></strong></span> <span class='ocrx_word' id='word_1_310' title='bbox 684 4306 804 4362; x_wconf 77' lang='lat' dir='ltr'><strong><em>chadoth</em></strong></span> <span class='ocrx_word' id='word_1_311' title='bbox 820 4309 849 4361; x_wconf 88' lang='grc'><strong><em>61</em></strong></span> <span class='ocrx_word' id='word_1_312' title='bbox 865 4309 902 4374; x_wconf 79' lang='lat' dir='ltr'><strong><em>(et</em></strong></span> <span class='ocrx_word' id='word_1_313' title='bbox 919 4324 980 4377; x_wconf 81' lang='lat' dir='ltr'><strong><em>cup</em></strong></span> <span class='ocrx_word' id='word_1_314' title='bbox 998 4324 1031 4362; x_wconf 89' lang='lat' dir='ltr'><strong><em>m.</em></strong></span> <span class='ocrx_word' id='word_1_315' title='bbox 1050 4309 1115 4375; x_wconf 87' lang='lat' dir='ltr'><strong><em>rec.)</em></strong></span> 
     </span>
    </p>
   </div>
   <div class='ocr_carea' id='block_1_7' title="bbox 0 0 1439 4754">
    <p class='ocr_par' dir='ltr' id='par_1_9' title="bbox 0 0 1439 4754">
     <span class='ocr_line' id='line_1_38' title="bbox 0 0 1439 4754; baseline 0 0"><span class='ocrx_word' id='word_1_316' title='bbox 0 0 1439 4754; x_wconf 95' lang='lat' dir='ltr'><strong><em> </em></strong></span> 
     </span>
    </p>
   </div>
  </div>
 </body>
</html>
