<?xml version="1.0" encoding="UTF-8"?>
<!DOCTYPE html PUBLIC "-//W3C//DTD XHTML 1.0 Transitional//EN"
    "http://www.w3.org/TR/xhtml1/DTD/xhtml1-transitional.dtd">
<html xmlns="http://www.w3.org/1999/xhtml" xml:lang="en" lang="en">
 <head>
  <title>
</title>
<meta http-equiv="Content-Type" content="text/html;charset=utf-8" />
  <meta name='ocr-system' content='tesseract 3.04.00' />
  <meta name='ocr-capabilities' content='ocr_page ocr_carea ocr_par ocr_line ocrx_word'/>
</head>
<body>
  <div class='ocr_page' id='page_1' title='image "./lucifericalarit00lucigoog_0316.png"; bbox 0 0 2850 4754; ppageno 0'>
   <div class='ocr_carea' id='block_1_1' title="bbox 411 317 1292 418">
    <p class='ocr_par' dir='ltr' id='par_1_1' title="bbox 411 317 1292 418">
     <span class='ocr_line' id='line_1_1' title="bbox 411 317 1292 418; baseline 0.005 -18"><span class='ocrx_word' id='word_1_1' title='bbox 411 346 452 400; x_wconf 90' lang='lat' dir='ltr'><strong>De</strong></span> <span class='ocrx_word' id='word_1_2' title='bbox 470 362 524 401; x_wconf 93' lang='lat' dir='ltr'><strong>non</strong></span> <span class='ocrx_word' id='word_1_3' title='bbox 541 333 671 416; x_wconf 84' lang='lat' dir='ltr'><strong>parcendo</strong></span> <span class='ocrx_word' id='word_1_4' title='bbox 688 348 717 404; x_wconf 94' lang='lat' dir='ltr'><strong>in</strong></span> <span class='ocrx_word' id='word_1_5' title='bbox 735 347 811 404; x_wconf 89' lang='lat' dir='ltr'><strong>deum</strong></span> <span class='ocrx_word' id='word_1_6' title='bbox 832 317 1050 418; x_wconf 67' lang='lat' dir='ltr'><strong>delinguentibus.</strong></span> <span class='ocrx_word' id='word_1_7' title='bbox 1230 353 1292 418; x_wconf 80' lang='lat'><strong>263</strong></span> 
     </span>
    </p>
   </div>
   <div class='ocr_carea' id='block_1_2' title="bbox 170 536 1292 723">
    <p class='ocr_par' dir='ltr' id='par_1_2' title="bbox 170 536 1292 723">
     <span class='ocr_line' id='line_1_2' title="bbox 170 536 1292 628; baseline 0.006 -31"><span class='ocrx_word' id='word_1_8' title='bbox 170 552 283 598; x_wconf 90' lang='lat' dir='ltr'><strong>uerum</strong></span> <span class='ocrx_word' id='word_1_9' title='bbox 305 536 421 602; x_wconf 90' lang='lat' dir='ltr'><strong>hahere</strong></span> <span class='ocrx_word' id='word_1_10' title='bbox 444 536 560 615; x_wconf 91' lang='lat' dir='ltr'><strong>filium,</strong></span> <span class='ocrx_word' id='word_1_11' title='bbox 584 536 663 628; x_wconf 84' lang='lat' dir='ltr'><strong>dicis</strong></span> <span class='ocrx_word' id='word_1_12' title='bbox 685 536 776 602; x_wconf 90' lang='lat' dir='ltr'><strong>illum</strong></span> <span class='ocrx_word' id='word_1_13' title='bbox 799 556 868 603; x_wconf 92' lang='lat' dir='ltr'><strong>esse</strong></span> <span class='ocrx_word' id='word_1_14' title='bbox 891 537 1089 620; x_wconf 85' lang='lat' dir='ltr'><strong>adoptiuum,</strong></span> <span class='ocrx_word' id='word_1_15' title='bbox 1117 540 1149 603; x_wconf 85' lang='lat' dir='ltr'><strong>et</strong></span> <span class='ocrx_word' id='word_1_16' title='bbox 1170 539 1292 604; x_wconf 88' lang='lat' dir='ltr'><strong>iudicas</strong></span> 
     </span>
     <span class='ocr_line' id='line_1_3' title="bbox 171 637 1291 723; baseline 0.005 -23"><span class='ocrx_word' id='word_1_17' title='bbox 171 637 204 700; x_wconf 84' lang='lat' dir='ltr'><strong>te</strong></span> <span class='ocrx_word' id='word_1_18' title='bbox 227 656 289 702; x_wconf 90' lang='lat' dir='ltr'><strong>non</strong></span> <span class='ocrx_word' id='word_1_19' title='bbox 309 639 521 718; x_wconf 88' lang='lat' dir='ltr'><strong>intellectum,</strong></span> <span class='ocrx_word' id='word_1_20' title='bbox 557 640 640 723; x_wconf 92' lang='lat' dir='ltr'><strong>quod</strong></span> <span class='ocrx_word' id='word_1_21' title='bbox 663 640 744 720; x_wconf 83' lang='lat' dir='ltr'><strong>enim</strong></span> <span class='ocrx_word' id='word_1_22' title='bbox 765 659 846 705; x_wconf 92' lang='lat' dir='ltr'><strong>unus</strong></span> <span class='ocrx_word' id='word_1_23' title='bbox 868 640 911 706; x_wconf 90' lang='lat' dir='ltr'><strong>sis</strong></span> <span class='ocrx_word' id='word_1_24' title='bbox 935 660 972 705; x_wconf 80' lang='lat' dir='ltr'><strong>ex</strong></span> <span class='ocrx_word' id='word_1_25' title='bbox 997 640 1060 705; x_wconf 91' lang='lat' dir='ltr'><strong>illis</strong></span> <span class='ocrx_word' id='word_1_26' title='bbox 1089 641 1291 719; x_wconf 91' lang='lat' dir='ltr'><strong>antichristis,</strong></span> 
     </span>
    </p>
   </div>
   <div class='ocr_carea' id='block_1_3' title="bbox 128 742 1293 3814">
    <p class='ocr_par' dir='ltr' id='par_1_3' title="bbox 128 742 1293 3814">
     <span class='ocr_line' id='line_1_4' title="bbox 173 742 1291 827; baseline 0.004 -23"><span class='ocrx_word' id='word_1_27' title='bbox 173 758 225 805; x_wconf 92' lang='lat' dir='ltr'><strong>ore</strong></span> <span class='ocrx_word' id='word_1_28' title='bbox 253 742 481 822; x_wconf 88' lang='lat' dir='ltr'><strong>pronuntiantis</strong></span> <span class='ocrx_word' id='word_1_29' title='bbox 514 743 670 808; x_wconf 85' lang='lat' dir='ltr'><strong>Iohannis.</strong></span> <span class='ocrx_word' id='word_1_30' title='bbox 713 743 872 809; x_wconf 83' lang='lat' dir='ltr'><strong>reuelatus</strong></span> <span class='ocrx_word' id='word_1_31' title='bbox 900 763 934 809; x_wconf 91' lang='lat' dir='ltr'><strong>es</strong></span> <span class='ocrx_word' id='word_1_32' title='bbox 962 744 1090 827; x_wconf 89' lang='lat' dir='ltr'><strong>inquam</strong></span> <span class='ocrx_word' id='word_1_33' title='bbox 1118 743 1151 807; x_wconf 92' lang='lat' dir='ltr'><strong>te</strong></span> <span class='ocrx_word' id='word_1_34' title='bbox 1183 744 1291 825; x_wconf 91' lang='lat' dir='ltr'><strong>spiritu</strong></span> 
     </span>
     <span class='ocr_line' id='line_1_5' title="bbox 172 841 1293 930; baseline 0.005 -25"><span class='ocrx_word' id='word_1_35' title='bbox 172 841 307 909; x_wconf 88' lang='lat' dir='ltr'><strong>aduerso</strong></span> <span class='ocrx_word' id='word_1_36' title='bbox 335 843 418 911; x_wconf 89' lang='lat' dir='ltr'><strong>duci.</strong></span> <span class='ocrx_word' id='word_1_37' title='bbox 455 847 528 913; x_wconf 93' lang='lat' dir='ltr'><strong>inde</strong></span> <span class='ocrx_word' id='word_1_38' title='bbox 559 847 607 912; x_wconf 86' lang='lat' dir='ltr'><strong>est</strong></span> <span class='ocrx_word' id='word_1_39' title='bbox 634 845 767 928; x_wconf 91' lang='lat' dir='ltr'><strong>denique</strong></span> <span class='ocrx_word' id='word_1_40' title='bbox 796 846 880 930; x_wconf 92' lang='lat' dir='ltr'><strong>quod</strong></span> <span class='ocrx_word' id='word_1_41' title='bbox 905 864 961 911; x_wconf 93' lang='lat' dir='ltr'><strong>nec</strong></span> <span class='ocrx_word' id='word_1_42' title='bbox 985 845 1211 912; x_wconf 80' lang='lat' dir='ltr'>crediderimus</span> <span class='ocrx_word' id='word_1_43' title='bbox 1234 848 1293 914; x_wconf 86' lang='lat' dir='ltr'><strong>tibi</strong></span> 
     </span>
     <span class='ocr_line' id='line_1_6' title="bbox 140 944 1290 1032; baseline 0.003 -23"><span class='ocrx_word' id='word_1_44' title='bbox 140 944 290 1011; x_wconf 73' lang='lat' dir='ltr'><strong>⁵dioenti</strong></span> <span class='ocrx_word' id='word_1_45' title='bbox 314 945 352 1013; x_wconf 91' lang='lat' dir='ltr'><strong>de</strong></span> <span class='ocrx_word' id='word_1_46' title='bbox 374 947 457 1014; x_wconf 91' lang='lat' dir='ltr'><strong>filio:</strong></span> <span class='ocrx_word' id='word_1_47' title='bbox 479 951 585 1032; x_wconf 73' lang='lat' dir='ltr'><strong>factus</strong></span> <span class='ocrx_word' id='word_1_48' title='bbox 606 954 651 1014; x_wconf 80' lang='lat' dir='ltr'><strong>est</strong></span> <span class='ocrx_word' id='word_1_49' title='bbox 672 970 710 1014; x_wconf 73' lang='lat' dir='ltr'><strong>ccc</strong></span> <span class='ocrx_word' id='word_1_50' title='bbox 725 948 838 1014; x_wconf 79' lang='lat' dir='ltr'><strong>nihilo.</strong></span> <span class='ocrx_word' id='word_1_51' title='bbox 861 947 1065 1031; x_wconf 88' lang='lat' dir='ltr'><strong>cognouimus</strong></span> <span class='ocrx_word' id='word_1_52' title='bbox 1083 947 1198 1012; x_wconf 90' lang='lat' dir='ltr'><strong>etenim</strong></span> <span class='ocrx_word' id='word_1_53' title='bbox 1212 950 1290 1014; x_wconf 90' lang='lat' dir='ltr'><strong>haec</strong></span> 
     </span>
     <span class='ocr_line' id='line_1_7' title="bbox 170 1050 1291 1134; baseline 0.002 -20"><span class='ocrx_word' id='word_1_54' title='bbox 170 1069 231 1115; x_wconf 95' lang='lat' dir='ltr'><strong>non</strong></span> <span class='ocrx_word' id='word_1_55' title='bbox 253 1050 393 1132; x_wconf 88' lang='lat' dir='ltr'><strong>potuisse</strong></span> <span class='ocrx_word' id='word_1_56' title='bbox 417 1051 523 1117; x_wconf 87' lang='lat' dir='ltr'><strong>dicere</strong></span> <span class='ocrx_word' id='word_1_57' title='bbox 545 1052 605 1117; x_wconf 92' lang='lat' dir='ltr'><strong>nisi</strong></span> <span class='ocrx_word' id='word_1_58' title='bbox 627 1051 918 1134; x_wconf 68' lang='lat' dir='ltr'><strong>pseudoprophetae</strong></span> <span class='ocrx_word' id='word_1_59' title='bbox 941 1050 1095 1133; x_wconf 89' lang='lat' dir='ltr'><strong>spiritum,</strong></span> <span class='ocrx_word' id='word_1_60' title='bbox 1125 1050 1184 1115; x_wconf 89' lang='lat' dir='ltr'><strong>nisi</strong></span> <span class='ocrx_word' id='word_1_61' title='bbox 1208 1051 1291 1116; x_wconf 88' lang='lat' dir='ltr'><strong>anti-</strong></span> 
     </span>
     <span class='ocr_line' id='line_1_8' title="bbox 170 1152 1291 1236; baseline 0.002 -20"><span class='ocrx_word' id='word_1_62' title='bbox 170 1152 281 1217; x_wconf 77' lang='lat' dir='ltr'><strong>christi</strong></span> <span class='ocrx_word' id='word_1_63' title='bbox 301 1169 547 1235; x_wconf 76' lang='lat' dir='ltr'><strong>praecursorem,</strong></span> <span class='ocrx_word' id='word_1_64' title='bbox 571 1155 629 1219; x_wconf 93' lang='lat' dir='ltr'><strong>nisi</strong></span> <span class='ocrx_word' id='word_1_65' title='bbox 652 1154 821 1219; x_wconf 76' lang='lat' dir='ltr'><strong>satellitem</strong></span> <span class='ocrx_word' id='word_1_66' title='bbox 845 1154 939 1236; x_wconf 83' lang='lat' dir='ltr'><strong>atque</strong></span> <span class='ocrx_word' id='word_1_67' title='bbox 953 1152 1144 1234; x_wconf 82' lang='lat' dir='ltr'><strong>mancipium</strong></span> <span class='ocrx_word' id='word_1_68' title='bbox 1160 1153 1291 1218; x_wconf 87' lang='lat' dir='ltr'><strong>daemo-</strong></span> 
     </span>
     <span class='ocr_line' id='line_1_9' title="bbox 169 1255 1291 1339; baseline 0.003 -21"><span class='ocrx_word' id='word_1_69' title='bbox 169 1272 255 1319; x_wconf 91' lang='lat' dir='ltr'><strong>num.</strong></span> <span class='ocrx_word' id='word_1_70' title='bbox 294 1274 354 1320; x_wconf 94' lang='lat' dir='ltr'><strong>non</strong></span> <span class='ocrx_word' id='word_1_71' title='bbox 375 1257 434 1321; x_wconf 89' lang='lat' dir='ltr'><strong>tibi</strong></span> <span class='ocrx_word' id='word_1_72' title='bbox 456 1258 533 1322; x_wconf 89' lang='lat' dir='ltr'><strong>haec</strong></span> <span class='ocrx_word' id='word_1_73' title='bbox 558 1257 674 1322; x_wconf 88' lang='lat' dir='ltr'><strong>dicenti</strong></span> <span class='ocrx_word' id='word_1_74' title='bbox 696 1256 854 1339; x_wconf 90' lang='lat' dir='ltr'><strong>potuimus</strong></span> <span class='ocrx_word' id='word_1_75' title='bbox 877 1255 1066 1333; x_wconf 82' lang='lat' dir='ltr'><strong>credidisse,</strong></span> <span class='ocrx_word' id='word_1_76' title='bbox 1093 1255 1291 1338; x_wconf 87' lang='lat' dir='ltr'><strong>quandoqui-</strong></span> 
     </span>
     <span class='ocr_line' id='line_1_10' title="bbox 171 1353 1291 1442; baseline 0 -20"><span class='ocrx_word' id='word_1_77' title='bbox 171 1357 245 1422; x_wconf 89' lang='lat' dir='ltr'><strong>dem</strong></span> <span class='ocrx_word' id='word_1_78' title='bbox 268 1358 395 1440; x_wconf 90' lang='lat' dir='ltr'><strong>spiritus</strong></span> <span class='ocrx_word' id='word_1_79' title='bbox 418 1360 546 1425; x_wconf 86' lang='lat' dir='ltr'><strong>sanctus</strong></span> <span class='ocrx_word' id='word_1_80' title='bbox 570 1360 603 1424; x_wconf 86' lang='lat' dir='ltr'><strong>et</strong></span> <span class='ocrx_word' id='word_1_81' title='bbox 623 1378 678 1442; x_wconf 93' lang='lat' dir='ltr'><strong>per</strong></span> <span class='ocrx_word' id='word_1_82' title='bbox 699 1359 866 1442; x_wconf 86' lang='lat' dir='ltr'><strong>prophetas</strong></span> <span class='ocrx_word' id='word_1_83' title='bbox 889 1358 984 1422; x_wconf 86' lang='lat' dir='ltr'><strong>fuerit</strong></span> <span class='ocrx_word' id='word_1_84' title='bbox 1004 1353 1129 1424; x_wconf 89' lang='lat' dir='ltr'><strong>locutus</strong></span> <span class='ocrx_word' id='word_1_85' title='bbox 1145 1358 1184 1424; x_wconf 93' lang='lat' dir='ltr'><strong>de</strong></span> <span class='ocrx_word' id='word_1_86' title='bbox 1199 1359 1291 1423; x_wconf 89' lang='lat' dir='ltr'><strong>unico</strong></span> 
     </span>
     <span class='ocr_line' id='line_1_11' title="bbox 131 1460 1292 1546; baseline 0.003 -26"><span class='ocrx_word' id='word_1_87' title='bbox 131 1477 157 1518; x_wconf 81' lang='lat' dir='ltr'><strong>ro</strong></span> <span class='ocrx_word' id='word_1_88' title='bbox 171 1460 223 1525; x_wconf 89' lang='lat' dir='ltr'><strong>dei</strong></span> <span class='ocrx_word' id='word_1_89' title='bbox 245 1461 310 1526; x_wconf 91' lang='lat' dir='ltr'><strong>filio</strong></span> <span class='ocrx_word' id='word_1_90' title='bbox 332 1461 422 1526; x_wconf 91' lang='lat' dir='ltr'><strong>illum</strong></span> <span class='ocrx_word' id='word_1_91' title='bbox 446 1481 514 1528; x_wconf 87' lang='lat' dir='ltr'><strong>esse</strong></span> <span class='ocrx_word' id='word_1_92' title='bbox 537 1480 648 1527; x_wconf 90' lang='lat' dir='ltr'><strong>uerum</strong></span> <span class='ocrx_word' id='word_1_93' title='bbox 669 1461 770 1526; x_wconf 90' lang='lat' dir='ltr'><strong>filium</strong></span> <span class='ocrx_word' id='word_1_94' title='bbox 794 1461 854 1546; x_wconf 88' lang='lat' dir='ltr'><strong>dei,</strong></span> <span class='ocrx_word' id='word_1_95' title='bbox 877 1460 967 1524; x_wconf 90' lang='lat' dir='ltr'><strong>illum</strong></span> <span class='ocrx_word' id='word_1_96' title='bbox 991 1461 1152 1525; x_wconf 86' lang='lat' dir='ltr'><strong>aeternum</strong></span> <span class='ocrx_word' id='word_1_97' title='bbox 1176 1480 1244 1527; x_wconf 90' lang='lat' dir='ltr'><strong>esse</strong></span> <span class='ocrx_word' id='word_1_98' title='bbox 1261 1463 1292 1525; x_wconf 90' lang='lat' dir='ltr'><strong>et</strong></span> 
     </span>
     <span class='ocr_line' id='line_1_12' title="bbox 169 1561 1292 1648; baseline 0 -20"><span class='ocrx_word' id='word_1_99' title='bbox 169 1566 373 1629; x_wconf 89' lang='lat' dir='ltr'><strong>coaeternum</strong></span> <span class='ocrx_word' id='word_1_100' title='bbox 394 1564 492 1647; x_wconf 90' lang='lat' dir='ltr'><strong>patri,</strong></span> <span class='ocrx_word' id='word_1_101' title='bbox 526 1582 695 1648; x_wconf 86' lang='lat' dir='ltr'><strong>numquam</strong></span> <span class='ocrx_word' id='word_1_102' title='bbox 723 1582 823 1645; x_wconf 89' lang='lat' dir='ltr'><strong>neque</strong></span> <span class='ocrx_word' id='word_1_103' title='bbox 850 1562 952 1628; x_wconf 92' lang='lat' dir='ltr'><strong>filium</strong></span> <span class='ocrx_word' id='word_1_104' title='bbox 980 1561 1046 1627; x_wconf 91' lang='lat' dir='ltr'><strong>sine</strong></span> <span class='ocrx_word' id='word_1_105' title='bbox 1068 1564 1158 1645; x_wconf 89' lang='lat' dir='ltr'><strong>patre</strong></span> <span class='ocrx_word' id='word_1_106' title='bbox 1191 1582 1292 1646; x_wconf 90' lang='lat' dir='ltr'><strong>neque</strong></span> 
     </span>
     <span class='ocr_line' id='line_1_13' title="bbox 168 1665 1291 1749; baseline 0 -18"><span class='ocrx_word' id='word_1_107' title='bbox 168 1668 292 1749; x_wconf 87' lang='lat' dir='ltr'><strong>patrem</strong></span> <span class='ocrx_word' id='word_1_108' title='bbox 314 1666 411 1733; x_wconf 80' lang='lat' dir='ltr'><strong>finisse</strong></span> <span class='ocrx_word' id='word_1_109' title='bbox 434 1668 489 1732; x_wconf 87' lang='lat' dir='ltr'><strong>aut</strong></span> <span class='ocrx_word' id='word_1_110' title='bbox 512 1686 581 1732; x_wconf 90' lang='lat' dir='ltr'><strong>esse</strong></span> <span class='ocrx_word' id='word_1_111' title='bbox 603 1667 669 1733; x_wconf 92' lang='lat' dir='ltr'><strong>sine</strong></span> <span class='ocrx_word' id='word_1_112' title='bbox 691 1666 756 1732; x_wconf 89' lang='lat' dir='ltr'><strong>filio</strong></span> <span class='ocrx_word' id='word_1_113' title='bbox 780 1666 813 1730; x_wconf 87' lang='lat' dir='ltr'><strong>et</strong></span> <span class='ocrx_word' id='word_1_114' title='bbox 832 1665 920 1731; x_wconf 88' lang='lat' dir='ltr'><strong>beati</strong></span> <span class='ocrx_word' id='word_1_115' title='bbox 934 1667 1012 1730; x_wconf 91' lang='lat' dir='ltr'><strong>haec</strong></span> <span class='ocrx_word' id='word_1_116' title='bbox 1031 1666 1142 1731; x_wconf 88' lang='lat' dir='ltr'><strong>eadem</strong></span> <span class='ocrx_word' id='word_1_117' title='bbox 1158 1667 1291 1748; x_wconf 90' lang='lat' dir='ltr'><strong>apostoli</strong></span> 
     </span>
     <span class='ocr_line' id='line_1_14' title="bbox 168 1769 1291 1852; baseline 0.001 -19"><span class='ocrx_word' id='word_1_118' title='bbox 168 1769 348 1848; x_wconf 78' lang='lat' dir='ltr'><strong>retulerint,</strong></span> <span class='ocrx_word' id='word_1_119' title='bbox 384 1770 539 1852; x_wconf 89' lang='lat' dir='ltr'><strong>siquidem</strong></span> <span class='ocrx_word' id='word_1_120' title='bbox 567 1770 693 1835; x_wconf 87' lang='lat' dir='ltr'><strong>sanetus</strong></span> <span class='ocrx_word' id='word_1_121' title='bbox 715 1769 842 1852; x_wconf 86' lang='lat' dir='ltr'><strong>spiritus</strong></span> <span class='ocrx_word' id='word_1_122' title='bbox 863 1769 1034 1852; x_wconf 69' lang='lat' dir='ltr'><strong>paraclitus</strong></span> <span class='ocrx_word' id='word_1_123' title='bbox 1064 1770 1117 1850; x_wconf 90' lang='lat' dir='ltr'><strong>qui</strong></span> <span class='ocrx_word' id='word_1_124' title='bbox 1145 1769 1239 1834; x_wconf 77' lang='lat' dir='ltr'><strong>tuerit</strong></span> <span class='ocrx_word' id='word_1_125' title='bbox 1259 1771 1291 1834; x_wconf 93' lang='lat' dir='ltr'><strong>in</strong></span> 
     </span>
     <span class='ocr_line' id='line_1_15' title="bbox 168 1871 1290 1955; baseline 0.002 -17"><span class='ocrx_word' id='word_1_126' title='bbox 168 1873 329 1954; x_wconf 85' lang='lat' dir='ltr'><strong>prophetis</strong></span> <span class='ocrx_word' id='word_1_127' title='bbox 353 1874 448 1938; x_wconf 89' lang='lat' dir='ltr'><strong>etiam</strong></span> <span class='ocrx_word' id='word_1_128' title='bbox 470 1874 502 1937; x_wconf 92' lang='lat' dir='ltr'><strong>in</strong></span> <span class='ocrx_word' id='word_1_129' title='bbox 526 1872 674 1955; x_wconf 87' lang='lat' dir='ltr'><strong>apostolis</strong></span> <span class='ocrx_word' id='word_1_130' title='bbox 696 1871 863 1949; x_wconf 85' lang='lat' dir='ltr'><strong>manserit,</strong></span> <span class='ocrx_word' id='word_1_131' title='bbox 893 1871 946 1953; x_wconf 89' lang='lat' dir='ltr'><strong>qui</strong></span> <span class='ocrx_word' id='word_1_132' title='bbox 969 1872 1096 1937; x_wconf 86' lang='lat' dir='ltr'><strong>sanctus</strong></span> <span class='ocrx_word' id='word_1_133' title='bbox 1118 1873 1290 1953; x_wconf 76' lang='lat' dir='ltr'><strong>paraclitus</strong></span> 
     </span>
     <span class='ocr_line' id='line_1_16' title="bbox 131 1974 1291 2058; baseline 0.002 -18"><span class='ocrx_word' id='word_1_134' title='bbox 131 1988 156 2030; x_wconf 80' lang='lat'><strong>1⁵</strong></span> <span class='ocrx_word' id='word_1_135' title='bbox 170 1976 313 2058; x_wconf 88' lang='lat' dir='ltr'><strong>spiritus,</strong></span> <span class='ocrx_word' id='word_1_136' title='bbox 349 1976 422 2057; x_wconf 89' lang='lat' dir='ltr'><strong>quia</strong></span> <span class='ocrx_word' id='word_1_137' title='bbox 442 1976 474 2039; x_wconf 91' lang='lat' dir='ltr'><strong>in</strong></span> <span class='ocrx_word' id='word_1_138' title='bbox 498 1976 549 2040; x_wconf 96' lang='lat' dir='ltr'><strong>dei</strong></span> <span class='ocrx_word' id='word_1_139' title='bbox 572 1975 613 2040; x_wconf 90' lang='lat' dir='ltr'><strong>sit</strong></span> <span class='ocrx_word' id='word_1_140' title='bbox 636 1975 771 2040; x_wconf 88' lang='lat' dir='ltr'><strong>eeclesia</strong></span> <span class='ocrx_word' id='word_1_141' title='bbox 794 1975 825 2039; x_wconf 85' lang='lat' dir='ltr'><strong>et</strong></span> <span class='ocrx_word' id='word_1_142' title='bbox 846 1993 903 2039; x_wconf 91' lang='lat' dir='ltr'><strong>uos</strong></span> <span class='ocrx_word' id='word_1_143' title='bbox 927 1974 995 2039; x_wconf 90' lang='lat' dir='ltr'><strong>sitis</strong></span> <span class='ocrx_word' id='word_1_144' title='bbox 1018 1975 1181 2040; x_wconf 88' lang='lat' dir='ltr'><strong>constituti</strong></span> <span class='ocrx_word' id='word_1_145' title='bbox 1204 1978 1291 2042; x_wconf 85' lang='lat' dir='ltr'><strong>extra</strong></span> 
     </span>
     <span class='ocr_line' id='line_1_17' title="bbox 170 2076 1290 2161; baseline 0.003 -20"><span class='ocrx_word' id='word_1_146' title='bbox 170 2078 339 2142; x_wconf 88' lang='lat' dir='ltr'><strong>ecclesiam</strong></span> <span class='ocrx_word' id='word_1_147' title='bbox 362 2078 428 2156; x_wconf 93' lang='lat' dir='ltr'><strong>dei,</strong></span> <span class='ocrx_word' id='word_1_148' title='bbox 462 2097 534 2142; x_wconf 88' lang='lat' dir='ltr'><strong>cum</strong></span> <span class='ocrx_word' id='word_1_149' title='bbox 557 2097 616 2142; x_wconf 95' lang='lat' dir='ltr'><strong>non</strong></span> <span class='ocrx_word' id='word_1_150' title='bbox 637 2096 767 2142; x_wconf 90' lang='lat' dir='ltr'><strong>manens</strong></span> <span class='ocrx_word' id='word_1_151' title='bbox 790 2077 831 2141; x_wconf 85' lang='lat' dir='ltr'><strong>sit</strong></span> <span class='ocrx_word' id='word_1_152' title='bbox 852 2076 884 2140; x_wconf 93' lang='lat' dir='ltr'><strong>in</strong></span> <span class='ocrx_word' id='word_1_153' title='bbox 908 2077 1015 2155; x_wconf 88' lang='lat' dir='ltr'><strong>uobis,</strong></span> <span class='ocrx_word' id='word_1_154' title='bbox 1045 2078 1154 2161; x_wconf 89' lang='lat' dir='ltr'><strong>utique</strong></span> <span class='ocrx_word' id='word_1_155' title='bbox 1175 2079 1290 2161; x_wconf 88' lang='lat' dir='ltr'><strong>proba-</strong></span> 
     </span>
     <span class='ocr_line' id='line_1_18' title="bbox 167 2179 1289 2264; baseline 0.003 -20"><span class='ocrx_word' id='word_1_156' title='bbox 167 2181 245 2244; x_wconf 93' lang='lat' dir='ltr'><strong>mini</strong></span> <span class='ocrx_word' id='word_1_157' title='bbox 269 2180 444 2244; x_wconf 80' lang='lat' dir='ltr'><strong>antichristi</strong></span> <span class='ocrx_word' id='word_1_158' title='bbox 466 2199 523 2244; x_wconf 91' lang='lat' dir='ltr'><strong>uos</strong></span> <span class='ocrx_word' id='word_1_159' title='bbox 545 2180 661 2245; x_wconf 85' lang='lat' dir='ltr'><strong>hebere</strong></span> <span class='ocrx_word' id='word_1_160' title='bbox 683 2180 843 2262; x_wconf 67' lang='lat' dir='ltr'><strong>spiritum</strong></span> <span class='ocrx_word' id='word_1_161' title='bbox 878 2180 932 2262; x_wconf 90' lang='lat' dir='ltr'><strong>qui</strong></span> <span class='ocrx_word' id='word_1_162' title='bbox 959 2179 1126 2246; x_wconf 90' lang='lat' dir='ltr'><strong>inmundus</strong></span> <span class='ocrx_word' id='word_1_163' title='bbox 1153 2180 1289 2264; x_wconf 87' lang='lat' dir='ltr'><strong>spiritus,</strong></span> 
     </span>
     <span class='ocr_line' id='line_1_19' title="bbox 168 2282 1290 2366; baseline 0 -18"><span class='ocrx_word' id='word_1_164' title='bbox 168 2303 207 2348; x_wconf 90' lang='lat' dir='ltr'><strong>ne</strong></span> <span class='ocrx_word' id='word_1_165' title='bbox 230 2285 308 2348; x_wconf 89' lang='lat' dir='ltr'><strong>haec</strong></span> <span class='ocrx_word' id='word_1_166' title='bbox 334 2302 415 2366; x_wconf 89' lang='lat' dir='ltr'><strong>quae</strong></span> <span class='ocrx_word' id='word_1_167' title='bbox 436 2283 607 2366; x_wconf 83' lang='lat' dir='ltr'><strong>ingerimus</strong></span> <span class='ocrx_word' id='word_1_168' title='bbox 623 2283 767 2363; x_wconf 87' lang='lat' dir='ltr'><strong>uideatis,</strong></span> <span class='ocrx_word' id='word_1_169' title='bbox 791 2283 888 2347; x_wconf 87' lang='lat' dir='ltr'><strong>corda</strong></span> <span class='ocrx_word' id='word_1_170' title='bbox 902 2282 1063 2348; x_wconf 88' lang='lat' dir='ltr'><strong>haeretica</strong></span> <span class='ocrx_word' id='word_1_171' title='bbox 1077 2284 1185 2349; x_wconf 90' lang='lat' dir='ltr'><strong>uestra</strong></span> <span class='ocrx_word' id='word_1_172' title='bbox 1198 2283 1290 2348; x_wconf 89' lang='lat' dir='ltr'><strong>tene-</strong></span> 
     </span>
     <span class='ocr_line' id='line_1_20' title="bbox 168 2385 1289 2468; baseline -0.002 -16"><span class='ocrx_word' id='word_1_173' title='bbox 168 2387 233 2452; x_wconf 91' lang='lat' dir='ltr'><strong>bris</strong></span> <span class='ocrx_word' id='word_1_174' title='bbox 257 2386 388 2452; x_wconf 86' lang='lat' dir='ltr'><strong>offundit</strong></span> <span class='ocrx_word' id='word_1_175' title='bbox 411 2403 550 2452; x_wconf 87' lang='lat' dir='ltr'><strong>errorum</strong></span> <span class='ocrx_word' id='word_1_176' title='bbox 573 2385 706 2468; x_wconf 85' lang='lat' dir='ltr'><strong>caligine</strong></span> <span class='ocrx_word' id='word_1_177' title='bbox 729 2403 835 2464; x_wconf 87' lang='lat' dir='ltr'><strong>caeca,</strong></span> <span class='ocrx_word' id='word_1_178' title='bbox 858 2405 897 2450; x_wconf 91' lang='lat' dir='ltr'><strong>ne</strong></span> <span class='ocrx_word' id='word_1_179' title='bbox 920 2386 1042 2452; x_wconf 88' lang='lat' dir='ltr'><strong>scilieet</strong></span> <span class='ocrx_word' id='word_1_180' title='bbox 1064 2403 1102 2450; x_wconf 85' lang='lat' dir='ltr'><strong>ex</strong></span> <span class='ocrx_word' id='word_1_181' title='bbox 1125 2386 1192 2450; x_wconf 91' lang='lat' dir='ltr'><strong>eius</strong></span> <span class='ocrx_word' id='word_1_182' title='bbox 1214 2405 1289 2468; x_wconf 90' lang='lat' dir='ltr'><strong>pos-</strong></span> 
     </span>
     <span class='ocr_line' id='line_1_21' title="bbox 129 2487 1290 2571; baseline -0.002 -16"><span class='ocrx_word' id='word_1_183' title='bbox 129 2499 155 2541; x_wconf 77' lang='lat' dir='ltr'><strong>no</strong></span> <span class='ocrx_word' id='word_1_184' title='bbox 168 2490 246 2555; x_wconf 87' lang='lat' dir='ltr'><strong>setis</strong></span> <span class='ocrx_word' id='word_1_185' title='bbox 271 2506 429 2571; x_wconf 84' lang='lat' dir='ltr'><strong>emergere</strong></span> <span class='ocrx_word' id='word_1_186' title='bbox 450 2488 583 2570; x_wconf 83' lang='lat' dir='ltr'><strong>laqueis.</strong></span> <span class='ocrx_word' id='word_1_187' title='bbox 619 2487 741 2552; x_wconf 89' lang='lat' dir='ltr'><strong>iudicas</strong></span> <span class='ocrx_word' id='word_1_188' title='bbox 764 2506 820 2554; x_wconf 95' lang='lat' dir='ltr'><strong>nos</strong></span> <span class='ocrx_word' id='word_1_189' title='bbox 845 2507 913 2553; x_wconf 88' lang='lat' dir='ltr'><strong>esse</strong></span> <span class='ocrx_word' id='word_1_190' title='bbox 936 2488 1188 2566; x_wconf 86' lang='lat' dir='ltr'><strong>contumeliosos,</strong></span> <span class='ocrx_word' id='word_1_191' title='bbox 1217 2489 1290 2571; x_wconf 87' lang='lat' dir='ltr'><strong>quia</strong></span> 
     </span>
     <span class='ocr_line' id='line_1_22' title="bbox 166 2590 1291 2676; baseline 0.001 -19"><span class='ocrx_word' id='word_1_192' title='bbox 166 2595 199 2658; x_wconf 90' lang='lat' dir='ltr'><strong>to</strong></span> <span class='ocrx_word' id='word_1_193' title='bbox 224 2593 349 2676; x_wconf 90' lang='lat' dir='ltr'><strong>qualern</strong></span> <span class='ocrx_word' id='word_1_194' title='bbox 377 2611 446 2657; x_wconf 89' lang='lat' dir='ltr'><strong>esse</strong></span> <span class='ocrx_word' id='word_1_195' title='bbox 474 2590 619 2655; x_wconf 88' lang='lat' dir='ltr'><strong>uidemus</strong></span> <span class='ocrx_word' id='word_1_196' title='bbox 647 2590 891 2672; x_wconf 88' lang='lat' dir='ltr'><strong>pronuntiemus.</strong></span> <span class='ocrx_word' id='word_1_197' title='bbox 931 2609 1005 2656; x_wconf 89' lang='lat' dir='ltr'><strong>ecce</strong></span> <span class='ocrx_word' id='word_1_198' title='bbox 1035 2590 1131 2655; x_wconf 84' lang='lat' dir='ltr'><strong>etiam</strong></span> <span class='ocrx_word' id='word_1_199' title='bbox 1158 2610 1232 2656; x_wconf 90' lang='lat' dir='ltr'><strong>cum</strong></span> <span class='ocrx_word' id='word_1_200' title='bbox 1258 2593 1291 2658; x_wconf 95' lang='lat' dir='ltr'><strong>in</strong></span> 
     </span>
     <span class='ocr_line' id='line_1_23' title="bbox 167 2692 1290 2779; baseline 0 -19"><span class='ocrx_word' id='word_1_201' title='bbox 167 2695 342 2777; x_wconf 78' lang='lat' dir='ltr'><strong>Euangelio</strong></span> <span class='ocrx_word' id='word_1_202' title='bbox 357 2694 429 2759; x_wconf 86' lang='lat' dir='ltr'><strong>cata</strong></span> <span class='ocrx_word' id='word_1_203' title='bbox 447 2694 644 2758; x_wconf 87' lang='lat' dir='ltr'><strong>Matthaeum</strong></span> <span class='ocrx_word' id='word_1_204' title='bbox 668 2693 782 2758; x_wconf 80' lang='lat' dir='ltr'><strong>dixisse</strong></span> <span class='ocrx_word' id='word_1_205' title='bbox 807 2693 966 2759; x_wconf 87' lang='lat' dir='ltr'><strong>dominum</strong></span> <span class='ocrx_word' id='word_1_206' title='bbox 987 2692 1129 2757; x_wconf 91' lang='lat' dir='ltr'><strong>inuenio:</strong></span> <span class='ocrx_word' id='word_1_207' title='bbox 1152 2714 1216 2759; x_wconf 86' lang='lat' dir='ltr'><strong>occe</strong></span> <span class='ocrx_word' id='word_1_208' title='bbox 1237 2715 1290 2779; x_wconf 79' lang='lat' dir='ltr'><strong>epo</strong></span> 
     </span>
     <span class='ocr_line' id='line_1_24' title="bbox 167 2784 1289 2877; baseline 0.001 -15"><span class='ocrx_word' id='word_1_209' title='bbox 167 2799 257 2862; x_wconf 75' lang='lat' dir='ltr'><strong>mitto</strong></span> <span class='ocrx_word' id='word_1_210' title='bbox 284 2817 357 2876; x_wconf 78' lang='lat' dir='ltr'><strong>ooo,</strong></span> <span class='ocrx_word' id='word_1_211' title='bbox 390 2799 471 2862; x_wconf 76' lang='lat' dir='ltr'><strong>sicat</strong></span> <span class='ocrx_word' id='word_1_212' title='bbox 492 2816 563 2864; x_wconf 81' lang='lat' dir='ltr'><strong>oues</strong></span> <span class='ocrx_word' id='word_1_213' title='bbox 584 2798 669 2862; x_wconf 67' lang='lat' dir='ltr'><strong>iota</strong></span> <span class='ocrx_word' id='word_1_214' title='bbox 691 2796 792 2877; x_wconf 80' lang='lat' dir='ltr'><strong>lepos,</strong></span> <span class='ocrx_word' id='word_1_215' title='bbox 813 2784 849 2861; x_wconf 86' lang='lat' dir='ltr'><strong>t&#39;u</strong></span> <span class='ocrx_word' id='word_1_216' title='bbox 870 2797 947 2861; x_wconf 90' lang='lat' dir='ltr'><strong>mihi</strong></span> <span class='ocrx_word' id='word_1_217' title='bbox 971 2815 1039 2861; x_wconf 86' lang='lat' dir='ltr'><strong>esse</strong></span> <span class='ocrx_word' id='word_1_218' title='bbox 1061 2815 1143 2862; x_wconf 88' lang='lat' dir='ltr'><strong>unus</strong></span> <span class='ocrx_word' id='word_1_219' title='bbox 1166 2816 1203 2862; x_wconf 83' lang='lat' dir='ltr'><strong>er</strong></span> <span class='ocrx_word' id='word_1_220' title='bbox 1225 2797 1289 2863; x_wconf 89' lang='lat' dir='ltr'><strong>illis</strong></span> 
     </span>
     <span class='ocr_line' id='line_1_25' title="bbox 165 2898 1289 2982; baseline 0 -18"><span class='ocrx_word' id='word_1_221' title='bbox 165 2900 250 2982; x_wconf 92' lang='lat' dir='ltr'><strong>lupis</strong></span> <span class='ocrx_word' id='word_1_222' title='bbox 272 2899 391 2965; x_wconf 88' lang='lat' dir='ltr'><strong>uideris</strong></span> <span class='ocrx_word' id='word_1_223' title='bbox 415 2900 447 2965; x_wconf 91' lang='lat' dir='ltr'><strong>et</strong></span> <span class='ocrx_word' id='word_1_224' title='bbox 469 2899 596 2982; x_wconf 90' lang='lat' dir='ltr'><strong>quidem</strong></span> <span class='ocrx_word' id='word_1_225' title='bbox 618 2899 755 2964; x_wconf 91' lang='lat' dir='ltr'><strong>omnium</strong></span> <span class='ocrx_word' id='word_1_226' title='bbox 775 2899 920 2980; x_wconf 90' lang='lat' dir='ltr'><strong>luporum</strong></span> <span class='ocrx_word' id='word_1_227' title='bbox 944 2899 1053 2963; x_wconf 88' lang='lat' dir='ltr'><strong>contra</strong></span> <span class='ocrx_word' id='word_1_228' title='bbox 1080 2898 1132 2964; x_wconf 92' lang='lat' dir='ltr'><strong>dei</strong></span> <span class='ocrx_word' id='word_1_229' title='bbox 1159 2917 1289 2982; x_wconf 84' lang='lat' dir='ltr'><strong>gregem</strong></span> 
     </span>
     <span class='ocr_line' id='line_1_26' title="bbox 129 3001 1289 3086; baseline 0 -18"><span class='ocrx_word' id='word_1_230' title='bbox 129 3002 359 3086; x_wconf 73' lang='lat' dir='ltr'><strong>25rugientium</strong></span> <span class='ocrx_word' id='word_1_231' title='bbox 380 3004 503 3068; x_wconf 48' lang='lat' dir='ltr'><strong>rabiem*</strong></span> <span class='ocrx_word' id='word_1_232' title='bbox 521 3003 553 3067; x_wconf 94' lang='lat' dir='ltr'><strong>in</strong></span> <span class='ocrx_word' id='word_1_233' title='bbox 577 3021 669 3084; x_wconf 89' lang='lat' dir='ltr'><strong>quern</strong></span> <span class='ocrx_word' id='word_1_234' title='bbox 691 3002 819 3066; x_wconf 91' lang='lat' dir='ltr'><strong>uideam</strong></span> <span class='ocrx_word' id='word_1_235' title='bbox 844 3001 1035 3084; x_wconf 88' lang='lat' dir='ltr'><strong>congestam.</strong></span> <span class='ocrx_word' id='word_1_236' title='bbox 1074 3002 1144 3084; x_wconf 86' lang='lat' dir='ltr'><strong>quis</strong></span> <span class='ocrx_word' id='word_1_237' title='bbox 1174 3001 1289 3068; x_wconf 85' lang='lat' dir='ltr'><strong>etenim</strong></span> 
     </span>
     <span class='ocr_line' id='line_1_27' title="bbox 169 3103 1289 3188; baseline 0.001 -18"><span class='ocrx_word' id='word_1_238' title='bbox 169 3105 219 3170; x_wconf 91' lang='lat' dir='ltr'><strong>dei</strong></span> <span class='ocrx_word' id='word_1_239' title='bbox 243 3105 328 3170; x_wconf 88' lang='lat' dir='ltr'><strong>unici</strong></span> <span class='ocrx_word' id='word_1_240' title='bbox 349 3105 407 3168; x_wconf 89' lang='lat' dir='ltr'><strong>filii</strong></span> <span class='ocrx_word' id='word_1_241' title='bbox 428 3105 558 3188; x_wconf 87' lang='lat' dir='ltr'><strong>negator</strong></span> <span class='ocrx_word' id='word_1_242' title='bbox 580 3124 640 3170; x_wconf 93' lang='lat' dir='ltr'><strong>non</strong></span> <span class='ocrx_word' id='word_1_243' title='bbox 662 3103 815 3187; x_wconf 83' lang='lat' dir='ltr'><strong>gaudeat,</strong></span> <span class='ocrx_word' id='word_1_244' title='bbox 849 3123 910 3170; x_wconf 93' lang='lat' dir='ltr'><strong>non</strong></span> <span class='ocrx_word' id='word_1_245' title='bbox 931 3123 1006 3187; x_wconf 92' lang='lat' dir='ltr'><strong>prae</strong></span> <span class='ocrx_word' id='word_1_246' title='bbox 1029 3122 1063 3168; x_wconf 92' lang='lat' dir='ltr'><strong>se</strong></span> <span class='ocrx_word' id='word_1_247' title='bbox 1086 3105 1182 3185; x_wconf 86' lang='lat' dir='ltr'><strong>ferat,</strong></span> <span class='ocrx_word' id='word_1_248' title='bbox 1216 3125 1289 3171; x_wconf 89' lang='lat' dir='ltr'><strong>cnm</strong></span> 
     </span>
     <span class='ocr_line' id='line_1_28' title="bbox 166 3207 1288 3292; baseline 0 -18"><span class='ocrx_word' id='word_1_249' title='bbox 166 3210 278 3274; x_wconf 83' lang='lat' dir='ltr'><strong>uideat</strong></span> <span class='ocrx_word' id='word_1_250' title='bbox 300 3209 345 3274; x_wconf 89' lang='lat' dir='ltr'><strong>sic</strong></span> <span class='ocrx_word' id='word_1_251' title='bbox 368 3209 401 3273; x_wconf 87' lang='lat' dir='ltr'><strong>to</strong></span> <span class='ocrx_word' id='word_1_252' title='bbox 425 3207 541 3273; x_wconf 81' lang='lat' dir='ltr'><strong>Christi</strong></span> <span class='ocrx_word' id='word_1_253' title='bbox 571 3207 793 3291; x_wconf 89' lang='lat' dir='ltr'><strong>depopulatum</strong></span> <span class='ocrx_word' id='word_1_254' title='bbox 819 3212 969 3290; x_wconf 83' lang='lat' dir='ltr'><strong>gregem?</strong></span> <span class='ocrx_word' id='word_1_255' title='bbox 1008 3228 1044 3272; x_wconf 81' lang='lat' dir='ltr'><strong>ex</strong></span> <span class='ocrx_word' id='word_1_256' title='bbox 1070 3208 1134 3273; x_wconf 89' lang='lat' dir='ltr'><strong>illis</strong></span> <span class='ocrx_word' id='word_1_257' title='bbox 1165 3228 1288 3292; x_wconf 90' lang='lat' dir='ltr'><strong>quoque</strong></span> 
     </span>
     <span class='ocr_line' id='line_1_29' title="bbox 167 3309 1287 3393; baseline -0.002 -17"><span class='ocrx_word' id='word_1_258' title='bbox 167 3331 264 3376; x_wconf 93' lang='lat' dir='ltr'><strong>unum</strong></span> <span class='ocrx_word' id='word_1_259' title='bbox 286 3311 319 3375; x_wconf 91' lang='lat' dir='ltr'><strong>te</strong></span> <span class='ocrx_word' id='word_1_260' title='bbox 343 3309 461 3392; x_wconf 86' lang='lat' dir='ltr'><strong>accipio</strong></span> <span class='ocrx_word' id='word_1_261' title='bbox 483 3309 667 3389; x_wconf 87' lang='lat' dir='ltr'><strong>incredulis,</strong></span> <span class='ocrx_word' id='word_1_262' title='bbox 698 3328 735 3374; x_wconf 85' lang='lat' dir='ltr'><strong>ex</strong></span> <span class='ocrx_word' id='word_1_263' title='bbox 756 3309 819 3374; x_wconf 90' lang='lat' dir='ltr'><strong>illis</strong></span> <span class='ocrx_word' id='word_1_264' title='bbox 840 3309 969 3391; x_wconf 90' lang='lat' dir='ltr'><strong>perfidis</strong></span> <span class='ocrx_word' id='word_1_265' title='bbox 992 3311 1033 3375; x_wconf 92' lang='lat' dir='ltr'><strong>ad</strong></span> <span class='ocrx_word' id='word_1_266' title='bbox 1055 3329 1133 3393; x_wconf 89' lang='lat' dir='ltr'><strong>quos</strong></span> <span class='ocrx_word' id='word_1_267' title='bbox 1157 3310 1287 3375; x_wconf 86' lang='lat' dir='ltr'><strong>dicitm:</strong></span> 
     </span>
     <span class='ocr_line' id='line_1_30' title="bbox 160 3413 1288 3498; baseline -0.001 -20"><span class='ocrx_word' id='word_1_268' title='bbox 160 3415 329 3498; x_wconf 71' lang='lat' dir='ltr'><strong>progenies</strong></span> <span class='ocrx_word' id='word_1_269' title='bbox 350 3415 548 3498; x_wconf 60' lang='lat' dir='ltr'><strong>appararem,</strong></span> <span class='ocrx_word' id='word_1_270' title='bbox 574 3413 722 3495; x_wconf 79' lang='lat' dir='ltr'><strong>quomodo</strong></span> <span class='ocrx_word' id='word_1_271' title='bbox 738 3414 872 3495; x_wconf 74' lang='lat' dir='ltr'><strong>potestis</strong></span> <span class='ocrx_word' id='word_1_272' title='bbox 893 3435 974 3496; x_wconf 76' lang='lat' dir='ltr'><strong>quac</strong></span> <span class='ocrx_word' id='word_1_273' title='bbox 996 3414 1074 3478; x_wconf 81' lang='lat' dir='ltr'><strong>boae</strong></span> <span class='ocrx_word' id='word_1_274' title='bbox 1095 3422 1170 3479; x_wconf 79' lang='lat' dir='ltr'><strong>caat</strong></span> <span class='ocrx_word' id='word_1_275' title='bbox 1192 3413 1288 3495; x_wconf 73' lang='lat' dir='ltr'><strong>logui,</strong></span> 
     </span>
     <span class='ocr_line' id='line_1_31' title="bbox 128 3514 1287 3599; baseline -0.003 -16"><span class='ocrx_word' id='word_1_276' title='bbox 128 3529 154 3572; x_wconf 62' lang='grc' dir='ltr'>ω</span> <span class='ocrx_word' id='word_1_277' title='bbox 167 3537 239 3583; x_wconf 82' lang='lat' dir='ltr'><strong>cam</strong></span> <span class='ocrx_word' id='word_1_278' title='bbox 261 3518 333 3582; x_wconf 77' lang='lat' dir='ltr'><strong>sitis</strong></span> <span class='ocrx_word' id='word_1_279' title='bbox 355 3517 458 3582; x_wconf 76' lang='lat' dir='ltr'><strong>moli?</strong></span> <span class='ocrx_word' id='word_1_280' title='bbox 480 3537 558 3582; x_wconf 81' lang='lat' dir='ltr'><strong>nam</strong></span> <span class='ocrx_word' id='word_1_281' title='bbox 580 3537 618 3581; x_wconf 79' lang='lat' dir='ltr'><strong>aa</strong></span> <span class='ocrx_word' id='word_1_282' title='bbox 640 3517 819 3584; x_wconf 61' lang='lat' dir='ltr'><strong>madenti</strong></span> <span class='ocrx_word' id='word_1_283' title='bbox 841 3518 931 3582; x_wconf 84' lang='lat' dir='ltr'><strong>corde</strong></span> <span class='ocrx_word' id='word_1_284' title='bbox 953 3518 1169 3599; x_wconf 76' lang='lat' dir='ltr'><strong>unusquisque</strong></span> <span class='ocrx_word' id='word_1_285' title='bbox 1185 3514 1287 3597; x_wconf 79' lang='lat' dir='ltr'><strong>loqui·</strong></span> 
     </span>
     <span class='ocr_line' id='line_1_32' title="bbox 167 3617 1286 3699; baseline -0.001 -15"><span class='ocrx_word' id='word_1_286' title='bbox 167 3624 222 3685; x_wconf 79' lang='lat' dir='ltr'><strong>tur</strong></span> <span class='ocrx_word' id='word_1_287' title='bbox 244 3621 281 3685; x_wconf 85' lang='lat' dir='ltr'><strong>de</strong></span> <span class='ocrx_word' id='word_1_288' title='bbox 303 3639 355 3684; x_wconf 83' lang='lat' dir='ltr'><strong>ore</strong></span> <span class='ocrx_word' id='word_1_289' title='bbox 376 3638 441 3683; x_wconf 84' lang='lat' dir='ltr'><strong>sao.</strong></span> <span class='ocrx_word' id='word_1_290' title='bbox 479 3618 578 3684; x_wconf 78' lang='lat' dir='ltr'><strong>donas</strong></span> <span class='ocrx_word' id='word_1_291' title='bbox 606 3618 695 3685; x_wconf 80' lang='lat' dir='ltr'><strong>domo</strong></span> <span class='ocrx_word' id='word_1_292' title='bbox 722 3620 760 3685; x_wconf 82' lang='lat' dir='ltr'><strong>do</strong></span> <span class='ocrx_word' id='word_1_293' title='bbox 787 3619 863 3684; x_wconf 82' lang='lat' dir='ltr'><strong>boae</strong></span> <span class='ocrx_word' id='word_1_294' title='bbox 889 3618 1035 3684; x_wconf 64' lang='lat' dir='ltr'><strong>thesemo</strong></span> <span class='ocrx_word' id='word_1_295' title='bbox 1057 3617 1286 3699; x_wconf 67' lang='lat' dir='ltr'><strong>emanatione,</strong></span> 
     </span>
     <span class='ocr_line' id='line_1_33' title="bbox 166 3720 1285 3814; baseline -0.004 -26"><span class='ocrx_word' id='word_1_296' title='bbox 166 3728 195 3788; x_wconf 83' lang='lat' dir='ltr'><strong>ct</strong></span> <span class='ocrx_word' id='word_1_297' title='bbox 217 3722 323 3788; x_wconf 83' lang='lat' dir='ltr'><strong>molus</strong></span> <span class='ocrx_word' id='word_1_298' title='bbox 344 3721 434 3787; x_wconf 79' lang='lat' dir='ltr'><strong>homo</strong></span> <span class='ocrx_word' id='word_1_299' title='bbox 456 3722 493 3785; x_wconf 84' lang='lat' dir='ltr'><strong>de</strong></span> <span class='ocrx_word' id='word_1_300' title='bbox 514 3720 599 3786; x_wconf 78' lang='lat' dir='ltr'><strong>molo</strong></span> <span class='ocrx_word' id='word_1_301' title='bbox 620 3722 767 3787; x_wconf 80' lang='lat' dir='ltr'><strong>thesauro</strong></span> <span class='ocrx_word' id='word_1_302' title='bbox 786 3722 910 3803; x_wconf 76' lang='lat' dir='ltr'><strong>profert</strong></span> <span class='ocrx_word' id='word_1_303' title='bbox 931 3722 1030 3788; x_wconf 84' lang='lat' dir='ltr'><strong>molo.</strong></span> <span class='ocrx_word' id='word_1_304' title='bbox 1061 3721 1087 3786; x_wconf 85' lang='lat' dir='ltr'><strong>si</strong></span> <span class='ocrx_word' id='word_1_305' title='bbox 1104 3723 1186 3814; x_wconf 87' lang='lat' dir='ltr'><strong>bona</strong></span> <span class='ocrx_word' id='word_1_306' title='bbox 1203 3721 1285 3800; x_wconf 88' lang='lat' dir='ltr'><strong>sunt,</strong></span> 
     </span>
    </p>
   </div>
   <div class='ocr_carea' id='block_1_4' title="bbox 269 3958 858 4047">
    <p class='ocr_par' dir='ltr' id='par_1_4' title="bbox 269 3958 858 4047">
     <span class='ocr_line' id='line_1_34' title="bbox 269 3958 858 4047; baseline -0.002 -35"><span class='ocrx_word' id='word_1_307' title='bbox 269 3959 418 4047; x_wconf 67' lang='lat' dir='ltr'><strong>aaaron</strong></span> <span class='ocrx_word' id='word_1_308' title='bbox 437 3961 477 4025; x_wconf 88' lang='grc'><strong>10,</strong></span> <span class='ocrx_word' id='word_1_309' title='bbox 498 3961 530 4016; x_wconf 87' lang='grc'><strong>16</strong></span> <span class='ocrx_word' id='word_1_310' title='bbox 599 3960 632 4014; x_wconf 79' lang='lat'><strong>29</strong></span> <span class='ocrx_word' id='word_1_311' title='bbox 650 3959 687 4015; x_wconf 86' lang='lat' dir='ltr'><strong>ib.</strong></span> <span class='ocrx_word' id='word_1_312' title='bbox 705 3959 746 4024; x_wconf 79' lang='lat'><strong>12,</strong></span> <span class='ocrx_word' id='word_1_313' title='bbox 766 3959 807 4013; x_wconf 83' lang='lat'><strong>34.</strong></span> <span class='ocrx_word' id='word_1_314' title='bbox 825 3958 858 4012; x_wconf 83' lang='lat'><strong>35</strong></span> 
     </span>
    </p>
   </div>
   <div class='ocr_carea' id='block_1_5' title="bbox 164 4162 1288 4321">
    <p class='ocr_par' dir='ltr' id='par_1_5' title="bbox 164 4162 1288 4321">
     <span class='ocr_line' id='line_1_35' title="bbox 218 4162 1218 4234; baseline 0 -16"><span class='ocrx_word' id='word_1_315' title='bbox 218 4164 281 4218; x_wconf 79' lang='lat' dir='ltr'><strong>2te</strong></span> <span class='ocrx_word' id='word_1_316' title='bbox 298 4165 369 4220; x_wconf 78' lang='lat' dir='ltr'><strong>coai.</strong></span> <span class='ocrx_word' id='word_1_317' title='bbox 387 4165 533 4234; x_wconf 70' lang='lat' dir='ltr'><strong>Lethaios,</strong></span> <span class='ocrx_word' id='word_1_318' title='bbox 557 4181 590 4218; x_wconf 87' lang='lat' dir='ltr'><strong>ne</strong></span> <span class='ocrx_word' id='word_1_319' title='bbox 612 4166 651 4219; x_wconf 85' lang='lat' dir='ltr'><strong>Vc</strong></span> <span class='ocrx_word' id='word_1_320' title='bbox 753 4162 770 4216; x_wconf 88' lang='grc'><strong>3</strong></span> <span class='ocrx_word' id='word_1_321' title='bbox 791 4162 967 4231; x_wconf 83' lang='lat' dir='ltr'><strong>pronuntiatis</strong></span> <span class='ocrx_word' id='word_1_322' title='bbox 991 4164 1062 4218; x_wconf 76' lang='lat' dir='ltr'><strong>cocci.</strong></span> <span class='ocrx_word' id='word_1_323' title='bbox 1080 4163 1218 4219; x_wconf 75' lang='lat' dir='ltr'><strong>Latinius</strong></span> 
     </span>
     <span class='ocr_line' id='line_1_36' title="bbox 164 4248 1288 4321; baseline -0.002 -15"><span class='ocrx_word' id='word_1_324' title='bbox 164 4253 313 4321; x_wconf 84' lang='lat' dir='ltr'><strong>dposseo</strong></span> <span class='ocrx_word' id='word_1_325' title='bbox 383 4252 414 4305; x_wconf 88' lang='lat'><strong>19</strong></span> <span class='ocrx_word' id='word_1_326' title='bbox 433 4250 533 4305; x_wconf 82' lang='lat' dir='ltr'><strong>offundi</strong></span> <span class='ocrx_word' id='word_1_327' title='bbox 549 4253 710 4306; x_wconf 86' lang='lat' dir='ltr'><strong>terrorumo</strong></span> <span class='ocrx_word' id='word_1_328' title='bbox 780 4249 812 4302; x_wconf 89' lang='lat'><strong>19</strong></span> <span class='ocrx_word' id='word_1_329' title='bbox 829 4248 936 4318; x_wconf 90' lang='lat' dir='ltr'><strong>possitis</strong></span> <span class='ocrx_word' id='word_1_330' title='bbox 954 4249 1022 4316; x_wconf 80' lang='lat' dir='ltr'><strong>fort.</strong></span> <span class='ocrx_word' id='word_1_331' title='bbox 1090 4248 1124 4303; x_wconf 80' lang='lat'><strong>22</strong></span> <span class='ocrx_word' id='word_1_332' title='bbox 1141 4248 1288 4304; x_wconf 88' lang='lat' dir='ltr'><strong>mattheum</strong></span> 
     </span>
    </p>
   </div>
   <div class='ocr_carea' id='block_1_6' title="bbox 0 0 1430 4754">
    <p class='ocr_par' dir='ltr' id='par_1_6' title="bbox 0 0 1430 4754">
     <span class='ocr_line' id='line_1_37' title="bbox 0 0 1430 4754; baseline 0 0"><span class='ocrx_word' id='word_1_333' title='bbox 0 0 1430 4754; x_wconf 95' lang='lat' dir='ltr'><strong> </strong></span> 
     </span>
    </p>
   </div>
  </div>
 </body>
</html>
