2850 4754
483 428 485 440 ,
505 379 547 433 De
564 380 656 432 sancto
672 377 819 433 Athanasio
836 377 904 432 liber
920 378 941 432 1.
1225 377 1286 443 105

169 571 196 630 et
215 566 338 630 Arabes
361 565 543 647 adferebant
564 564 615 629 illi
637 566 749 631 arietes
775 556 883 630 omium
913 570 1028 646 septem
1049 565 1144 629 milia
1165 566 1284 647 septim-

166 673 280 752 pemtoe.
308 671 338 733 et
357 671 428 731 eret
449 669 575 751 Iosufat
588 667 757 732 ambulem
771 669 994 751 mupm'ftcems
1009 687 1106 748 usque
1120 669 1157 731 m
1171 667 1282 734 altum.

168 772 241 853 quid
262 770 299 834 tu
320 769 385 834 tale
408 768 507 834 facis?
552 788 662 851 nempe
690 769 804 834 misisti
831 788 886 852 per
914 789 1004 834 omne
1031 788 1162 852 regnum
1184 771 1283 848 tuum,

166 875 201 937 ut
229 872 334 938 cuncti
361 873 511 937 mandata
540 871 591 935 dei
622 871 844 954 despueremus
874 873 1162 957 susciperemusque
1191 891 1284 954 prae-

136 977 292 1058 ,ereptum
313 974 414 1052 tuum,
445 975 528 1058 quod
549 975 720 1056 temptaret
740 975 911 1058 inpugnare
935 975 1051 1040 domini
1072 976 1221 1057 praecept
1276 1024 1283 1039 .

165 1079 315 1161 Iosaphat
341 1077 429 1141 misit
454 1077 610 1159 principes
632 1077 758 1142 uirtutis
780 1077 869 1160 regni
892 1078 950 1155 sui,
982 1077 1069 1142 misit
1091 1079 1285 1144 consiliarios

167 1201 248 1260 suos,
272 1181 359 1245 misit
379 1180 495 1245 leuitas
511 1199 547 1244 ac
571 1180 688 1244 domini
710 1180 900 1257 secerdotes,
924 1182 1100 1260 obsecrans,
1124 1182 1159 1244 ut
1181 1181 1286 1245 cuncti

167 1285 305 1349 cultores
329 1282 447 1347 domini
468 1282 660 1347 fuissentin
688 1301 784 1365 regno
814 1302 879 1360 suo,
914 1284 950 1347 ut
978 1303 1084 1348 omnes
1112 1284 1285 1350 unianimes

168 1388 225 1452 deo
246 1388 372 1452 tantum
396 1388 496 1452 semet
522 1387 708 1469 praeberent
736 1385 885 1462 famulos;
918 1388 1018 1452 mittit
1046 1388 1142 1451 etiam
1170 1388 1285 1452 librum

132 1511 154 1549 ιο
167 1509 275 1555 sacrae
296 1490 378 1572 legis
404 1510 460 1573 per
482 1491 654 1573 gloriosum
680 1491 809 1574 Moysen
837 1490 999 1569 traditum,
1029 1491 1064 1555 ut
1093 1491 1170 1555 nihil
1199 1492 1285 1554 entra

165 1594 313 1659 fecissent
346 1613 439 1676 quam
473 1613 552 1677 quae
586 1593 655 1658 fieri
682 1593 865 1659 mandasset
898 1593 983 1659 deus.
1028 1595 1063 1657 tu
1094 1613 1154 1658 non
1183 1595 1284 1659 solum

166 1696 270 1780 legem
294 1696 411 1760 domini
432 1697 583 1762 inueniris
597 1697 796 1779 inpugnasse,
821 1715 900 1780 quae
915 1696 1075 1777 praecepit
1088 1697 1286 1761 innocentem

167 1801 198 1865 et
219 1801 337 1864 iustum
360 1818 419 1864 non
450 1799 637 1876 necandum,
673 1799 729 1863 sed
759 1800 791 1863 et
817 1798 920 1880 ipsum
948 1798 1152 1881 dereliquisse
1182 1798 1285 1877 deum,

167 1902 323 1984 siquidem
338 1921 397 1967 non
415 1903 457 1967 sis
475 1903 679 1984 apostoIIcam
694 1903 804 1967 tenens
820 1902 925 1980 fidem,
942 1902 998 1966 sed
1014 1902 1096 1965 Arrii
1110 1902 1284 1983 perfidiam.

131 2023 153 2061 1⁵
164 2004 218 2068 ille
230 2005 380 2086 populum
397 2006 552 2069 errantem
569 2006 607 2069 ab
622 2005 716 2069 idolis
732 2005 888 2068 conuertit
903 2003 944 2067 ad
961 2004 1063 2081 doum,
1086 2004 1121 2067 tu
1136 2004 1285 2086 populum

166 2107 223 2172 deo
248 2107 388 2171 dicatum
409 2108 539 2172 conatus
569 2127 602 2172 es
623 2107 728 2171 facore
757 2107 942 2188 apostatam,
976 2107 1060 2189 quod
1090 2126 1122 2170 os
1151 2107 1196 2184 tu,
1226 2108 1285 2172 boc

166 2210 214 2274 est
235 2210 417 2292 sacrilegus.

206 2313 325 2378 XXIII.
356 2313 545 2377 Persecutus
574 2332 607 2377 es
636 2313 728 2394 atque
750 2313 947 2396 persequeris
970 2312 1187 2390 Athanasium,
1218 2313 1285 2378 eius

166 2418 273 2482 sitiens
296 2434 449 2480 cruorem.
495 2415 552 2480 sed
573 2415 646 2478 uide
670 2414 745 2496 quid
768 2415 895 2496 spiritus
919 2415 1045 2478 sanctus
1060 2414 1144 2479 dIcat
1158 2416 1189 2479 in
1206 2435 1285 2482 nono

133 2520 295 2601 upsalmo,
324 2518 355 2582 in
385 2537 446 2600 quo
473 2519 509 2581 tu
536 2518 613 2581 mihi
641 2517 820 2599 specialiter
849 2517 1024 2600 descriptus
1053 2536 1121 2582 esso
1150 2519 1284 2585 uideris:

165 2624 249 2687 dicit
268 2623 306 2686 m
327 2623 416 2687 coede
436 2640 512 2700 emo:
534 2641 598 2686 mom
619 2622 764 2686 momebor
785 2643 806 2687 a
827 2622 951 2687 soeculo
973 2623 1010 2685 e'm
1031 2622 1193 2687 saeculum
1213 2624 1282 2689 sime

167 2726 259 2791 melo.
282 2725 373 2790 cuius
396 2744 429 2789 os
451 2725 669 2791 maledictores
678 2724 811 2806 plemam
826 2729 871 2789 est
885 2729 915 2790 et
928 2725 1146 2790 amaritudo‘me
1161 2731 1189 2791 et
1204 2728 1282 2813 dole,

167 2831 220 2894 sub
244 2829 358 2912 timpum
380 2829 446 2892 etms
469 2829 559 2893 labor
579 2832 609 2893 et
624 2827 719 2892 dolor.
754 2828 836 2892 sedet
849 2830 885 2892 m
900 2828 1029 2892 incidite
1044 2848 1114 2892 cmm
1129 2829 1283 2895 dimc‘tc'bme
1348 2880 1349 2883 ,

167 2931 201 2996 m
223 2932 363 3013 occultis,
385 2936 423 2996 ut
443 2932 617 3014 mtmfice'et
637 2933 842 2996 dmmeemtem.
879 2931 963 2996 oculi
977 2932 1045 2996 eius
1065 2932 1101 2995 m
1110 2953 1285 3014 pauperem

135 3037 350 3117 crespulum.
394 3035 631 3101 insidiatorie
654 3037 801 3101 absconso
825 3034 905 3099 sicut
929 3035 974 3099 leo
998 3035 1033 3098 m
1048 3035 1199 3116 spelmmcu
1214 3056 1283 3102 cmo.

167 3138 341 3202 insidiatur
362 3141 399 3201 ut
419 3139 531 3220 rapiat
546 3158 730 3220 pauperem,
759 3157 870 3218 rapere
894 3157 1077 3218 pauperem,
1108 3140 1203 3205 domec
1226 3141 1285 3204 ad-

168 3241 262 3306 mear
282 3261 353 3307 emm
380 3243 417 3305 m
439 3244 673 3308 emmersatiome
703 3261 772 3306 smc.
817 3242 854 3304 im
883 3240 991 3323 laqueo
1018 3261 1073 3306 suo
1099 3241 1286 3306 bumiliom't

167 3363 244 3428 eum,
266 3344 443 3409 Imlimam't
463 3364 495 3410 se
515 3349 545 3409 et
565 3345 666 3428 cadet,
688 3345 764 3408 dum
786 3344 971 3408 dome'motmr
987 3365 1176 3425 pauperum.
1200 3345 1286 3409 dieat

168 3446 202 3512 im
222 3449 312 3513 eorde
333 3467 408 3512 suo:
430 3448 542 3512 oblitus
563 3452 608 3512 est
628 3448 712 3528 deus,
736 3448 853 3512 auertit
865 3448 981 3530 faciem
998 3467 1100 3530 smum,
1123 3467 1162 3511 me
1176 3447 1285 3512 uideat

134 3559 260 3632 ³<luesque
282 3551 319 3614 m
339 3551 445 3632 summ.
492 3571 531 3615 an
560 3551 587 3616 si
615 3552 647 3615 in
675 3552 734 3615 bac
762 3550 1015 3633 perseueraueris
1042 3549 1190 3632 nequitie,
1224 3568 1285 3614 non

169 3653 224 3717 erit
247 3652 310 3717 dici
333 3653 462 3737 dignum
485 3655 523 3719 do
545 3655 595 3720 to:
619 3657 737 3719 auertet
756 3656 872 3737 faciem
886 3674 987 3735 omem,
1011 3675 1050 3718 me
1064 3654 1285 3735 uidenturque

167 3756 201 3818 im
220 3757 343 3838 finem?
385 3757 476 3820 tanta
498 3758 570 3822 sunt
590 3757 701 3821 funera
714 3758 780 3837 tue,
805 3757 977 3835 Constanti,
1001 3757 1047 3835 ut,
1071 3774 1144 3820 cum
1167 3755 1281 3820 dicitur

267 3926 299 3978 21
319 3925 363 3978 es.
382 3928 407 3990 9,
425 3927 527 3980 ar-se
547 3929 597 3997 (ιο,
616 3927 711 3993 6-11J

216 4101 350 4166 lssptem
368 4098 391 4151 si
467 4098 745 4195 tsuqcepsremmqus
762 4105 830 4153 m.1
918 4071 1049 4153 5te⁹taret
1066 4103 1086 4165 (Ρ
1104 4101 1214 4168 mres.)

167 4203 197 4256 13
215 4200 401 4269 derelinquisse
471 4201 504 4254 15
521 4201 557 4286 ad
574 4201 596 4268 (b
614 4219 647 4255 m.
666 4204 730 4270 rec.)
802 4202 833 4255 18
852 4204 893 4255 est
910 4207 977 4255 m.1
1081 4200 1113 4254 27
1132 4201 1282 4257 humiliabit

167 4305 231 4352 eum,
249 4285 390 4340 inclinabit
406 4287 472 4354 fort.
