2850 4754
407 366 450 422 De
467 382 520 421 non
537 366 667 436 parcendo
685 362 807 421 in'denm
825 364 1045 434 delinquentibus.
1225 364 1287 431 247

171 560 242 622 tuno
267 556 401 621 dixerint
424 555 465 620 ad
488 555 644 638 apostolos
666 551 820 637 principes
844 554 876 617 et
897 551 1033 635 pontifex
1056 553 1087 617 et
1105 571 1194 618 omne
1210 571 1286 617 con-

172 659 276 725 cilium
306 660 512 725 Iudaeorum:
545 658 644 722 uultis
669 657 867 749 introducere
896 676 990 737 super
1020 676 1084 720 uos·
1099 657 1288 739 sanquinem

171 763 308 830 iomiuis
337 764 448 841 illius,
483 761 576 827 etiam
606 760 757 826 Photinus
787 760 944 824 hominem
973 759 1096 824 tantum
1125 759 1288 842 profitetur

172 863 221 931 dei
241 865 360 943 filium,
395 864 472 930 dicit
497 863 586 929 illum
609 883 669 928 non
691 863 787 928 luisse
811 862 882 927 ante
904 863 1030 927 beatam
1052 863 1195 927 Mariam.
1232 863 1287 928 tua

148 980 292 1052 lquoque
323 970 402 1033 haec
434 968 481 1033 est
510 967 677 1049 professio,
712 966 796 1049 quod
819 966 900 1030 enim
924 966 995 1030 ante
1018 964 1122 1029 omnia
1150 965 1286 1048 quidem,

170 1073 226 1136 hoc
251 1072 300 1137 est
324 1072 395 1136 ante
419 1070 524 1136 caelos
545 1072 662 1135 terram
683 1087 770 1134 mare
794 1070 826 1134 et
848 1069 952 1134 omnia
979 1086 1059 1150 quae
1087 1069 1117 1132 in
1142 1067 1186 1132 eis
1215 1069 1287 1132 sunt

171 1175 219 1240 dei
243 1175 285 1240 sit
307 1173 401 1253 filius,
432 1173 488 1239 sed
511 1174 594 1257 quod
616 1172 793 1238 eonstiterit
815 1190 851 1238 en
873 1172 979 1250 nihilo,
1011 1170 1067 1237 sed
1089 1172 1173 1254 quod
1195 1191 1286 1236 erea-

168 1279 239 1342 tura
262 1277 313 1342 sit.
353 1275 428 1360 quid
450 1277 601 1342 interesse
625 1276 784 1341 arbitraris
806 1276 887 1341 inter
909 1277 941 1340 te
965 1276 996 1340 et
1018 1274 1151 1340 Paulum
1174 1275 1286 1341 Samo-

169 1380 314 1445 satenum
336 1378 389 1444 uel
411 1378 507 1444 istum
530 1379 596 1444 eius
628 1378 815 1460 discipulum
843 1377 933 1442 tuum
962 1377 1191 1456 conscotinum,
1227 1377 1287 1443 nisi
1368 1420 1371 1427 -

135 1483 242 1565 ¹⁰quia
263 1483 300 1546 tu
321 1487 396 1547 aute
418 1485 527 1548 oruuiu
549 1481 646 1561 dicas,
669 1481 722 1545 ille
741 1499 815 1546 uero
834 1484 1049 1562 posioruuic?
1071 1483 1211 1546 ceterum
1226 1488 1288 1546 un'a

168 1585 259 1650 uobis
283 1584 479 1650 crudelitatis
503 1586 595 1668 atque
618 1583 848 1649 incredulitatis
869 1603 958 1649 mens
981 1586 1043 1662 est,
1078 1586 1114 1648 ut
1141 1586 1287 1650 diceretis

168 1705 228 1752 non
251 1689 367 1753 habere
391 1689 484 1754 deum
507 1708 617 1754 uerum
645 1688 755 1753 fllium.
794 1688 902 1752 contra
928 1688 1035 1753 uidete
1065 1689 1219 1771 quomodo
1247 1689 1288 1752 s't

168 1790 300 1856 credens
333 1792 443 1857 sancta
477 1792 620 1858 ecclesia.
658 1793 815 1857 credimus
842 1793 878 1856 iu
906 1813 1008 1857 uuum
1040 1792 1132 1856 deum
1161 1796 1288 1872 putrem

168 1895 418 1980 omnipotentem,
441 1895 620 1962 uisibiiium
641 1900 668 1960 el
683 1894 896 1960 inuisibiiiuru
911 1895 1069 1977 faetorem,
1092 1898 1121 1958 et
1135 1895 1171 1958 iu
1186 1915 1287 1958 uuum

133 1997 332 2062 sumtuum
348 1999 453 2063 Iesum
469 1997 631 2064 Christum
643 1998 750 2081 filium
772 1998 824 2063 olei
848 2001 960 2062 uotum
982 1998 1021 2062 cie
1038 2001 1142 2078 putre,
1165 1996 1221 2062 icoc
1244 2002 1288 2063 est

166 2101 203 2165 de
224 2100 408 2166 substantia
424 2104 547 2184 petris,
576 2102 670 2166 deum
691 2102 820 2181 dedeo,
851 2101 956 2166 lurueu
976 2100 1014 2166 de
1035 2101 1168 2180 lumine,
1195 2102 1288 2167 deum

167 2224 279 2269 uerum
300 2206 339 2269 de
361 2205 415 2270 deo
437 2225 529 2288 uero,
564 2210 677 2270 auium
707 2226 772 2270 uou
798 2207 934 2289 fectum,
952 2205 1067 2269 -uuius
1094 2204 1287 2270 substantioe

168 2325 239 2370 curu
257 2312 368 2393 putre,
398 2309 486 2391 quod·
502 2308 618 2375 Graeci
638 2310 751 2374 dicunt
772 2311 961 2394 ὁμοούσιον,
985 2328 1156 2391 perquem
1177 2309 1287 2373 orauia

167 2408 260 2491 (totu
277 2417 367 2496 suut,
399 2415 467 2477 siue
488 2434 569 2495 quae
591 2413 627 2477 iu
649 2414 734 2479 coeio
756 2415 824 2478 siue
845 2430 925 2496 quoe
946 2413 983 2477 iu
1007 2417 1092 2476 terre
1113 2415 1203 2495 suut,
1231 2413 1288 2492 qui

130 2519 294 2594 eapropter
321 2535 378 2580 uos
406 2517 547 2582 homiues
576 2521 606 2582 et
629 2522 763 2600 propter
792 2521 936 2582 uestrum
965 2517 1099 2582 saluam
1120 2515 1286 2598 desoeudit,

165 2617 357 2682 incorrectus
381 2623 434 2695 esi,
464 2619 553 2684 homo
577 2620 681 2701 fuctus
703 2624 756 2696 est,
773 2639 892 2703 passus
914 2625 967 2702 est,
997 2619 1169 2683 resurrexit
1192 2619 1287 2682 tertio

166 2720 234 2803 die,
262 2723 403 2786 aseendit
425 2723 461 2787 iu
484 2723 605 2787 eoelum
627 2727 785 2788 ueuturus
805 2724 947 2789 iudicare
968 2722 1062 2786 uiuos
1082 2727 1112 2786 ei
1132 2727 1287 2803 mortuos,·

166 2823 324 2887 credimus
350 2830 378 2887 u
404 2826 442 2890 iu
470 2827 620 2905 spiritura
646 2829 802 2890 seuerum.
840 2825 994 2907 conspicis
1016 2824 1111 2888 fidem
1134 2825 1285 2906 apostoli-

167 2940 237 2989 cam
261 2927 538 3010 euangelicamque
563 2947 631 2993 esse
647 2930 737 3007 hano,
761 2947 841 3011 quae
857 2946 979 3009 semper
993 2927 1094 2993 filium
1110 2946 1181 2992 cum
1196 2929 1284 3011 patre

126 3041 152 3082 2⁵
164 3042 315 3109 regnasse
339 3031 371 3093 et
390 3043 522 3113 regnare
546 3030 703 3108 defendat,
727 3049 808 3114 quae,
829 3030 965 3095 fateatur
982 3031 1013 3094 et
1027 3029 1199 3112 perfectam
1216 3052 1294 3122 esse·

167 3130 309 3196 diuinam
328 3133 501 3197 trinitatem
525 3134 556 3197 et
571 3152 665 3198 unam
679 3135 794 3199 habere
811 3133 1027 3197 substantiam.
1052 3135 1192 3199 ceterum
1210 3135 1285 3218 quid

164 3234 251 3299 inter
270 3235 438 3300 ecelesiam
462 3237 493 3300 et
515 3251 571 3301 uos
600 3237 775 3301 haereticos
797 3236 850 3300 uel
871 3235 1009 3304 ludaeos,
1035 3237 1102 3300 erat
1128 3238 1224 3314 inter,
1259 3239 1284 3301 si

164 3341 224 3402 non
248 3338 291 3402 sie
316 3339 459 3403 crederet
486 3339 580 3404 beata
609 3339 764 3404 eeclesia?
795 3358 875 3421 quae
898 3339 1008 3403 sancta
1030 3339 1132 3404 fides?
1162 3340 1198 3404 ut
1219 3340 1283 3404 soi-

164 3441 241 3505 retis
264 3441 340 3523 quid
361 3442 392 3506 in
416 3443 504 3507 uobis
527 3443 615 3524 punit
646 3441 762 3509 domiui
791 3442 941 3522 ecelesia,
976 3442 1053 3506 dixit
1084 3442 1177 3525 atque
1207 3442 1284 3506 dicit

126 3538 205 3608 ude
229 3544 335 3609 uobis:
368 3564 417 3609 eos
439 3550 544 3609 cutem
566 3545 622 3628 qui
648 3547 775 3612 dieunt.-
807 3541 876 3610 erui
903 3545 1031 3627 quaudo
1060 3565 1125 3609 uou
1154 3551 1223 3609 erut
1255 3551 1284 3610 et

160 3648 354 3728 priusquam
377 3652 560 3712 irasceretur
581 3669 646 3713 uou
669 3653 747 3733 erui,
775 3653 803 3713 et
825 3650 902 3731 quic
924 3670 961 3713 eu
982 3648 1085 3713 uultis
1106 3648 1283 3713 extantibus

265 3869 358 3924 iulet.
381 3871 406 3938 5,
425 3871 458 3925 28
528 3873 560 3926 13
578 3872 656 3926 Fides
674 3873 791 3927 Nicaena
810 3873 862 3941 (62,
881 3871 1049 3940 teodigna)
1116 3870 1150 3922 30
1167 3870 1203 3924 ib.

214 4057 402 4110 2¹¹¹troducere
470 4057 533 4113 det
551 4058 616 4112 dicit
634 4059 703 4112 eoui.
726 4058 896 4112 Gciiuudiue
965 4059 1080 4112 eretum
1101 4061 1132 4122 V,
1152 4074 1215 4138 euru
1227 4061 1283 4113 tum

162 4194 177 4229 o
229 4251 260 4273 m
282 4176 312 4227 11
332 4175 494 4231 crudelitatis
512 4195 536 4245 u,
560 4177 722 4232 credulitatis
744 4181 780 4249 V,
798 4179 834 4246 cf.
848 4195 879 4247 p.
896 4182 958 4248 251,
976 4183 1014 4234 24
1105 4181 1136 4234 li
1154 4143 1215 4236 uerlo²
1290 4166 1291 4171 ἵ

162 4277 195 4330 20
214 4277 302 4333 desdit
321 4282 362 4347 (⁶⁰¹²
379 4297 413 4335 ru.
433 4281 492 4348 uit.)
563 4280 595 4334 21
615 4284 642 4335 et
658 4282 809 4335 incarnatus
826 4299 842 4336 u
