2850 4754
503 386 544 441 De
563 389 655 440 sancto
672 385 819 441 Athanasio
838 387 905 442 liber
920 387 941 443 1.
1214 391 1285 458 ,129

162 575 219 636 cot
239 573 269 636 so'
284 573 435 656 weoipict
449 575 597 640 domious
613 577 650 640 in
665 576 772 642 millio
787 577 925 642 orimum
939 582 995 642 out
1010 578 1048 643 iro
1062 577 1165 644 decem
1180 579 1284 644 mittio

161 675 334 740 hoedorum
349 676 552 759 piopcc'cm?
579 681 636 742 out
657 679 737 743 dabo
754 680 972 762 prc'mopecc'to
998 699 1068 744 meo
1096 681 1282 761 imptetotc‘s,

159 780 300 860 froceum
320 779 443 845 centes
457 781 518 844 mei
526 800 589 862 pro
597 782 738 863 peccetis
754 783 882 847 onimoe
896 785 1008 868 mccc?
1029 783 1283 848 renuntiandum

160 881 219 945 tobi
239 885 293 965 est,
317 881 417 959 tomo,
441 868 525 963 'quod
545 883 588 947 sit
608 883 733 948 bonum.
764 889 822 948 out
848 884 925 966 quid
946 885 1092 949 domines
1114 886 1287 967 exquisierit

137 1005 183 1048 ec
212 988 240 1048 te
268 983 361 1048 aliod
392 983 460 1050 soe'si
488 989 523 1049 ut
550 985 655 1067 socios
681 986 838 1053 iodicium
867 992 896 1052 et
926 987 1083 1052 iustitiam
1111 992 1139 1052 et
1167 988 1287 1072 dilc'pos

162 1087 413 1152 misericordiam
440 1091 469 1151 et
484 1092 625 1169 paratos
648 1089 692 1153 so's
714 1089 764 1153 ire
784 1080 856 1153 oceo
878 1089 1007 1154 domino
1029 1090 1083 1155 deo
1107 1092 1184 1155 tuo?
1227 1109 1285 1155 nec

164 1191 245 1274 apud
273 1188 449 1255 Ambacum
481 1189 647 1256 inueneros
680 1191 848 1272 scriptum:
885 1192 1004 1274 impius
1030 1213 1086 1273 por
1109 1195 1286 1275 potentiam

163 1295 317 1378 oppressi
342 1294 481 1368 iustum,
515 1293 551 1356 ut
577 1292 624 1356 ita
652 1293 840 1358 sceleratum
863 1292 977 1368 fuisses
1007 1294 1175 1378 adgressus
1198 1314 1284 1378 opus,

163 1397 245 1481 quoi
271 1397 305 1460 te
335 1395 417 1480 apud
446 1388 539 1460 deum
567 1395 679 1478 posset
696 1395 799 1460 fecere
826 1396 981 1478 impium?
1024 1398 1100 1463 item
1121 1397 1204 1463 inire
1225 1416 1284 1464 non

128 1523 150 1563 ro
163 1502 329 1566 inueneres
350 1498 501 1582 positum:
526 1519 583 1564 cor
604 1500 740 1580 inspicis
761 1518 857 1580 super
883 1503 1129 1583 contemptores?
1173 1503 1287 1568 tacebis

163 1604 196 1669 ot
218 1604 284 1683 ooo,
307 1604 388 1685 qood
409 1603 535 1667 decoret
555 1603 676 1683 impius
696 1602 842 1667 tonum?
1175 1603 1179 1615 '

204 1706 350 1772 XXXVI.
386 1706 431 1770 nt·
454 1704 573 1769 idcirco
601 1723 657 1770 nos
686 1704 831 1769 uidentes
860 1706 934 1788 quie
960 1706 995 1770 tu
1023 1706 1138 1788 impius
1169 1707 1287 1772 iustum

165 1810 315 1874 deuorare
342 1809 557 1890 temptaueras
584 1808 697 1885 uirum,
727 1825 787 1872 non
811 1807 913 1873 solnm
935 1826 995 1872 non
1023 1809 1181 1874 tacuimus
1202 1809 1286 1873 male

163 1915 195 1978 te
217 1931 322 1996 egere,
346 1911 403 1975 sed
426 1928 483 1974 nec
497 1910 684 1975 tacebimus.
709 1929 770 1975 non
787 1911 869 1974 enim
886 1911 967 1974 elius
984 1929 1017 1975 es
1034 1911 1072 1975 ab
1090 1929 1136 1988 eo,
1159 1909 1285 1993 propter

133 2039 152 2078 1⁵
165 2035 256 2099 quem
280 2013 409 2079 dIoitur:
426 2013 563 2094 placens
585 2018 613 2077 et
635 2017 834 2095 contemptor,
857 2015 913 2078 cir
935 2015 1087 2095 superbos
1109 2013 1193 2077 ecoe
1210 2032 1286 2095 pro-

163 2122 254 2203 ficiet,
283 2119 339 2201 pei
368 2116 523 2184 dilatauit
551 2117 633 2180 siout
654 2117 780 2198 inferus
801 2117 957 2181 arciorem.
1003 2134 1063 2181 non
1085 2115 1201 2198 poterit
1224 2115 1292 2179 dici

165 2221 248 2305 quod
268 2240 329 2285 non
352 2218 520 2284 conueniat
549 2217 612 2281 (fici
635 2216 674 2282 de
696 2218 739 2295 tc,
770 2218 797 2284 si
821 2218 959 2301 digneris
980 2237 1106 2284 mecum
1128 2218 1287 2283 recordari

165 2327 285 2392 scelera
306 2323 480 2392 facinorum
501 2322 628 2386 tuorum
656 2321 688 2386 et
718 2321 746 2386 si
767 2321 877 2386 funera
898 2323 955 2387 tna
977 2340 1036 2387 non
1059 2321 1155 2385 fueris
1176 2319 1292 2385 tardus

163 2445 336 2495 recensere.
360 2426 430 2509 qnis
453 2424 569 2490 etenim
593 2424 673 2488 alius
695 2425 810 2490 nostris
833 2424 944 2490 diebus
967 2424 1032 2514 sibiv
1048 2424 1185 2510 placens,
1210 2441 1287 2486 con-

128 2533 309 2616 coemptor,
326 2531 487 2612 superbus,
510 2528 589 2592 nihil
602 2526 779 2610 proficiens,
805 2529 858 2611 qni
875 2527 1056 2592 dilatenerit
1073 2525 1156 2611 sicut
1170 2524 1288 2589 inferne

165 2638 302 2702 animem
324 2651 414 2699 susm
438 2631 539 2714 etqui
557 2630 717 2695 aestimari
732 2631 832 2712 possit
848 2649 917 2695 esse
939 2629 975 2694 ut
990 2647 1074 2714 mors
1089 2626 1289 2705 insatiabilis

164 2736 296 2820 reperiri
317 2735 424 2818 potest
445 2733 505 2798 nisi
527 2733 584 2797 tu?
622 2731 679 2796 sed
702 2733 846 2814 conspice
868 2731 945 2795 nihil
967 2731 999 2795 te
1021 2747 1113 2813 posse
1134 2729 1287 2811 proficere

166 2840 229 2904 dici
250 2838 308 2903 tibi
332 2857 351 2902 e
373 2837 442 2902 deo.
479 2836 558 2900 licet
580 2835 663 2901 enim
685 2835 881 2918 contemptor
903 2833 956 2899 dei
971 2834 1209 2916 praeceptorum
1233 2832 1286 2909 sis,

166 2943 233 3007 eins
259 2942 337 3007 neec
363 2939 548 3023 religionem
576 2940 704 3022 cupiens
732 2939 877 3022 persequi
906 2957 942 3003 eo
969 2955 1072 3020 usqne
1106 2934 1289 3001 dilataueris

126 3066 153 3109 ss
166 3046 304 3111 animem
324 3044 414 3108 tuam
443 3042 483 3106 asi
507 3042 558 3106 dei
580 3042 764 3107 mactandos
792 3042 938 3124 cultores,
973 3041 1008 3106 ut
1034 3040 1102 3105 toto
1132 3040 1164 3104 in
1193 3058 1289 3123 regno

165 3164 225 3212 non
257 3145 394 3229 digneris
423 3144 565 3210 desinere
594 3161 724 3227 gregem
752 3145 894 3210 nerando
924 3143 1050 3222 domiui,
1077 3143 1184 3208 tamen
1213 3143 1290 3207 nihil

165 3249 289 3332 proficit
311 3239 590 3314 omnis-infestatio
614 3248 679 3311 ins.
725 3243 830 3311 cuncti
855 3247 971 3311 etemm
995 3264 1071 3328 quos
1093 3245 1290 3328 persequeris

167 3353 218 3418 dei
242 3367 366 3432 semper
394 3350 428 3414 et
455 3349 528 3414 sunt
556 3349 589 3412 ei
618 3349 708 3413 erunt
738 3349 829 3412 serni.
874 3348 910 3412 tn
931 3365 1018 3426 nero,
1047 3348 1107 3412 nisi
1135 3346 1193 3412 tibi
1215 3364 1289 3429 pro-

166 3455 294 3531 uidens,
316 3454 349 3517 in
373 3452 534 3517 oeternum
558 3450 619 3514 eris
640 3450 807 3532 periturus,
835 3448 894 3514 tibi
916 3449 1054 3530 placens,
1084 3447 1289 3528 contempior,

129 3575 154 3627 so
168 3558 337 3640 superbus,
372 3556 424 3639 qni
459 3555 502 3620 sis
531 3554 666 3618 dilatans
691 3552 834 3618 enimam
866 3552 955 3616 tuom
982 3552 1145 3633 tamquam
1173 3549 1291 3614 inferus

170 3661 210 3724 ad
236 3679 293 3725 nos
322 3656 518 3724 descrendos
545 3655 663 3739 pariter
692 3656 724 3720 et
752 3653 978 3732 absorbendos,
1012 3653 1178 3735 propterea
1207 3652 1291 3733 quod

271 3914 373 3975 eliab.
392 3914 416 3977 1,
434 3915 451 3967 4
521 3913 553 3966 10
569 3912 605 3968 ib.
626 3913 650 3976 1,
670 3911 702 3965 13
772 3910 804 3963 15
821 3909 857 3963 ib.
875 3908 900 3975 2,
919 3910 935 3962 5

175 4180 177 4187 1
219 4140 321 4195 5oliut
338 4141 406 4193 m.1
494 4099 665 4220 iambecnin
684 4137 766 4201 (corr.
784 4149 818 4185 m.
837 4131 902 4198 reo.)
991 4130 1023 4184 13
1041 4131 1126 4185 uirum
1143 4092 1312 4196 Latmius
1346 4112 1352 4120 ’

169 4245 257 4283 norum
278 4226 317 4280 Vo
415 4219 447 4273 15
466 4220 613 4272 contemtor
630 4235 663 4271 oc.
682 4221 698 4271 1
802 4216 835 4269 16
854 4214 1068 4272 celeranter
1166 4215 1230 4288 ‹iice¹

171 4316 200 4369 21
221 4313 281 4382 quia
299 4307 415 4363 estimari
436 4307 467 4374 V,
486 4305 529 4374 qui
547 4304 715 4358 aestimaris
783 4301 1088 4371 semicaperque
1109 4304 1149 4358 Vo
1218 4301 1255 4356 sit

219 4413 299 4468 XIIII.
1189 4405 1209 4458 t
