2850 4754
131 348 196 412 316
622 339 768 395 Luciferi

132 537 278 602 Abrahae
300 537 390 599 Isaac
415 534 447 597 et
462 534 556 597 Iacob
573 532 744 595 amicorum
762 528 812 592 dei
829 528 861 591 et
876 527 1012 591 omnium
1029 526 1251 606 prophetarum

136 640 345 722 apostolorum
370 658 405 702 ac
428 638 608 719 martyrum.
647 653 706 698 non
731 633 801 708 eris,
825 631 998 705 Constanti,
1021 629 1078 692 illa
1101 647 1252 692 euasurus

135 743 295 824 supplicia,
330 741 389 805 nisi
419 741 517 821 primo
546 739 577 801 in
605 737 675 801 loco
704 736 832 799 unicum
856 734 905 797 dei
928 732 1027 796 filium
1050 751 1161 797 uerum
1184 751 1252 796 esse

137 846 187 909 dei
199 845 298 909 filium
315 843 495 919 credideris,
511 840 632 916 deinde,
649 839 685 902 ut
699 839 807 902 crebro
825 837 942 900 dictum
959 837 1015 912 est,
1033 836 1117 917 quod
1132 854 1254 917 semper

134 966 204 1012 cum
227 950 315 1030 patre
337 947 517 1029 regnauerit
546 964 581 1008 ao
606 944 648 1007 sit
668 961 812 1024 regnans,
844 943 902 1005 hoc
933 941 981 1004 est
1009 941 1075 1005 eine
1102 941 1191 1004 initio
1216 959 1251 1003 ac
1277 962 1288 1001 1

75 1055 78 1060 ’
133 1052 195 1115 fine
224 1052 384 1115 confessus
413 1049 508 1113 fueris
539 1049 632 1128 atque
661 1047 693 1110 te
723 1045 763 1108 ad
794 1045 981 1108 catholicam
1014 1044 1182 1107 ecclesiam
1214 1044 1251 1107 de

133 1154 265 1219 11111111
288 1154 488 1218 Arrianmum
520 1151 611 1214 coetu
639 1149 847 1224 transtuleris,
877 1149 916 1211 de
938 1149 1038 1212 morte
1067 1149 1190 1212 scilicet
1213 1148 1252 1210 ad

132 1258 242 1335 uitam,
267 1258 298 1321 et
320 1256 481 1320 confessus
504 1254 599 1318 fueris
622 1253 657 1315 ut
678 1271 734 1316 nos
757 1252 941 1316 confitemur
960 1252 1107 1315 catholici
1129 1253 1252 1334 patrem

133 1362 165 1423 et
192 1361 291 1424 filium
319 1359 351 1422 11
379 1359 521 1439 spiritum
550 1357 694 1420 sanctum
725 1355 895 1436 perfectam
925 1373 994 1419 esse
1022 1355 1197 1419 trinitatem
1221 1357 1251 1419 et

132 1481 226 1526 unam
249 1463 363 1526 habere
388 1462 547 1526 deitatem.
1263 1473 1292 1512 1⁰

174 1566 242 1630 XV.
277 1565 329 1630 Sic
359 1565 428 1629 odis
457 1563 650 1629 Christianos
680 1563 713 1627 11
741 1562 884 1627 omnibus
912 1563 1109 1644 persequeris
1138 1564 1249 1641 modis,

129 1669 293 1749 tamquam
314 1669 415 1750 possit
436 1667 652 1731 maliuolentia
667 1667 723 1729 tua
746 1685 799 1729 eos
815 1667 941 1730 uincere
958 1666 1010 1748 qui
1028 1666 1141 1731 durum
1158 1687 1248 1749 aspe-

131 1789 262 1853 rumque
284 1773 350 1842 iter
365 1773 508 1854 ingressi,
541 1769 731 1850 contemptui
759 1770 835 1834 licet
866 1769 982 1833 (1111111
1011 1770 1145 1851 odioque
1170 1771 1249 1852 apud

131 1875 164 1938 te
187 1875 257 1951 sint,
280 1876 386 1939 tamen
408 1876 439 1939 in
464 1876 545 1939 omui
570 1877 637 1939 uita
659 1875 816 1958 praesenti
838 1892 991 1956 pauperes
1006 1874 1141 1939 humiles
1160 1876 1249 1956 igno-

132 1977 213 2040 biles
236 1978 369 2043 subiecti
391 1978 512 2043 iniuriis
534 1979 598 2043 tuis
622 1998 690 2043 esse
713 1979 821 2055 uelint,
856 1977 1021 2041 credentes
1044 1979 1149 2042 omnia
1172 1982 1283 2059 quaell

134 2098 241 2142 amara
264 2099 332 2144 esse
355 2082 526 2145 noscuntur
553 2082 680 2163 propter
711 2081 804 2145 deum
831 2081 1022 2162 perferentes
1046 2099 1079 2144 se
1102 2080 1249 2143 uenturos

133 2182 174 2245 ad
197 2184 310 2247 eximia
338 2185 478 2265 praemia
506 2185 561 2248 illa
590 2203 669 2267 quae
698 2184 858 2266 apostolus
887 2183 994 2247 namet
1020 2183 1249 2264 consequenda,

131 2285 187 2348 illa
216 2305 297 2368 quae
325 2307 381 2352 aec
407 2288 516 2352 ocolus
544 2289 645 2371 111111,
675 2306 732 2351 cccc
761 2287 852 2351 curis
881 2287 1018 2361 audiuit,
1050 2307 1104 2350 nec
1133 2288 1171 2350 11
1200 2306 1250 2350 cor

130 2389 269 2454 bominis
292 2392 444 2475 1111111111,
469 2389 550 2471 pace
569 2390 784 2471 praeparauit
811 2390 960 2453 dominos
981 2389 1187 2471 dilipcntc‘bas
1208 2409 1247 2454 se.

131 2492 237 2573 igitur,
261 2493 334 2574 quia
355 2494 410 2556 illa
434 2493 636 2574 diligentibus
659 2511 693 2556 11
709 2491 958 2573 repraesentabit
974 2491 1060 2569 deus,
1085 2492 1283 2574 diligentem⁰

136 2596 227 2659 deum
256 2614 328 2659 cum
356 2597 414 2660 tibi
444 2596 656 2677 displicemus,
692 2615 764 2659 cum
792 2595 959 2677 plectimur
990 2595 1077 2671 111,
1114 2595 1173 2659 111
1196 2615 1250 2659 111

132 2698 257 2778 placere
279 2699 516 2780 praesumimus.
541 2719 642 2780 neque
660 2699 741 2762 enim
756 2699 861 2780 potest
877 2698 1014 2779 aliquam
1032 2697 1251 2762 auctoritatem

132 2801 247 2867 habere
269 2802 326 2866 tua
347 2802 471 2866 funesta
494 2803 649 2866 sententia
680 2802 720 2865 ad
744 2821 799 2866 nos
828 2803 859 2865 in
884 2802 1045 2865 aeternum
1067 2802 1250 2883 puniendos,

130 2922 204 2967 cum
227 2906 280 2986 qui
304 2906 433 2970 damnas
457 2906 650 2995 damnandus
673 2907 716 2971 sis
740 2907 772 2971 11
787 2906 913 2988 quidem
937 2905 1061 2980 adhoc,
1080 2906 1165 2969 1111
1180 2924 1251 2986 per-

131 3007 243 3089 petuas
264 3008 334 3072 luas
356 3028 482 3091 poenas.
535 3011 674 3074 ceterum
703 3028 759 3074 nos
783 3028 859 3090 quos
880 3010 1008 3090 torques
1030 3008 1130 3073 lanias
1152 3009 1251 3072 inter·
1264 3021 1285 3061 2⁶

132 3109 200 3174 ficis
235 3112 362 3175 aeterna
390 3113 560 3194 suscipient
587 3113 717 3194 gaudia,
751 3114 861 3195 ingens
890 3112 1018 3176 habebit
1048 3112 1079 3174 11
1111 3112 1252 3175 inmensa

133 3211 267 3277 felicitas
301 3216 513 3296 perpetuaque
544 3216 677 3297 accipiet
704 3215 877 3281 beatitudo.
928 3215 1016 3279 nobis
1044 3215 1141 3296 igitur
1171 3215 1251 3278 scias

131 3317 233 3397 magis
258 3317 364 3380 datam
394 3318 544 3382 diuinitus
565 3318 765 3400 potestatem,
793 3319 830 3381 ut
850 3319 893 3396 11,
924 3318 997 3381 dum
1025 3317 1174 3382 damnare
1197 3336 1251 3380 nos

132 3419 233 3498 putas,
264 3419 457 3498 damnemus,
482 3420 556 3484 dum
577 3421 688 3503 punire
710 3441 766 3485 nos
789 3416 881 3502 posse
903 3420 1086 3502 praesumis,
1110 3421 1143 3484 te
1167 3420 1250 3485 Gon·

132 3520 281 3586 stantium
297 3523 485 3605 sacrilegum
506 3525 681 3605 puniamus,
706 3524 860 3606 siquidem
882 3524 937 3586 ille
953 3542 1046 3604 qucm
1062 3540 1159 3604 negas
1176 3523 1249 3585 dare
1262 3536 1284 3576 ³⁰

30 3639 32 3645 ·
132 3623 220 3687 nobis
244 3625 397 3708 episcopis
421 3626 560 3691 11111111
583 3626 730 3708 dignatus
754 3627 983 3704 auctoritatem,
1006 3626 1043 3689 ut
1065 3644 1145 3707 quac
1167 3625 1249 3706 liga-

133 3725 270 3790 uerimus
293 3728 438 3792 interris
463 3730 524 3793 sint
546 3729 646 3811 ligata
670 3729 701 3792 11
722 3729 754 3793 11
777 3729 882 3793 caelis.
914 3729 1102 3792 sustinemus
1125 3728 1249 3809 propter

132 3824 226 3891 deum
253 3830 440 3912 temporalia
468 3833 561 3909 mala,
590 3833 625 3895 ut
647 3831 802 3913 possimus
831 3831 980 3912 consequi
1004 3831 1131 3894 aeterna
1152 3831 1247 3902 bona3

234 3998 297 4051 181
315 3999 372 4055 Cor.
391 4002 415 4068 2,
434 4003 450 4055 9

184 4151 216 4205 13
234 4156 297 4221 aput
398 4153 432 4206 23
449 4154 593 4222 poniendos
696 4156 729 4208 25
746 4158 851 4224 torques
868 4154 979 4224 scripsi,
1001 4157 1124 4223 torquens
1145 4155 1184 4208 Vc

131 4235 164 4291 31
183 4253 390 4306 quaecumquae
459 4239 492 4290 32
509 4242 599 4308 legata
