2850 4754
406 104 448 159 De
465 119 519 159 non
536 103 667 174 parcendo
685 105 714 158 in
732 103 810 158 deum
828 101 1049 172 delinquentibus.
1232 103 1295 168 245

172 291 306 371 meliosi,
339 291 394 375 qui
415 291 493 359 licet
511 291 695 375 peccatores
717 291 824 357 temen
847 291 989 356 sanctam
1009 290 1173 356 teneamus
1195 289 1292 357 fidem

173 395 381 480 apostolorum
409 395 504 479 atque
530 394 658 460 illorum
682 394 868 478 populorum
897 393 950 476 qui
978 391 1145 457 credentes
1168 391 1293 456 fuerant

171 497 349 565 iunnicum
377 496 429 563 dei
454 496 576 564 tilium?
610 516 683 563 eum
713 496 863 579 apostolis
892 495 1011 560 ideirco
1042 492 1184 576 superbi,
1219 493 1293 574 quia

171 620 278 667 uocem
306 601 396 666 tuam
426 602 604 684 apostatae,
640 601 714 683 quia
740 601 877 665 terrores
904 601 976 664 tuos
1004 596 1151 680 sacrilegi
1174 597 1292 663 Christi

150 703 284 769 amilites
308 702 461 768 ducamus
481 723 538 787 pro
561 702 673 782 nihilo,
698 703 771 787 quia
795 703 844 767 dei
868 701 968 766 filium
991 720 1100 765 uerum
1124 697 1175 764 dei
1197 717 1291 782 prae-

171 805 310 871 dicemus
338 804 454 886 filium,
488 807 570 871 siout
597 805 850 888 praedicauerint
871 804 1046 870 beatissimi
1069 802 1211 885 apostoli.
1246 802 1290 866 sic

169 926 222 975 nos
244 908 305 974 tibi
326 908 464 991 proterui
486 908 666 991 petulantes
689 908 815 991 superbi
830 905 983 984 uidemur,
1007 907 1043 969 ut
1057 904 1184 970 Iudaeis
1198 903 1290 968 uide-

146 1010 280 1076 ·bantur
299 1009 497 1076 sanctissimi
520 1010 669 1093 apostoli,
693 1010 822 1093 quibus,
846 1010 873 1074 si
894 1008 987 1075 hodie
1009 1007 1196 1073 fuissentin
1218 1024 1290 1071 eor·
1341 1039 1346 1051 ·

167 1113 304 1196 poribus,
332 1113 481 1196 potueras
508 1113 586 1179 haec
619 1112 723 1178 diesne
753 1131 833 1195 quae
865 1112 1004 1195 dignaris
1035 1111 1140 1175 dicere
1164 1110 1204 1175 ad
1226 1128 1291 1174 nos.

138 1200 345 1283 uinuenimus
368 1217 483 1282 etenim
506 1234 630 1298 semper
650 1216 853 1299 praeceptum
877 1215 922 1280 eie
945 1233 998 1279 ore
1021 1213 1290 1295 comblasphemo-

166 1338 235 1385 rum
257 1320 386 1385 tuorum
407 1319 590 1398 scribarum,
614 1319 866 1396 Pharisaeorum,
894 1316 1070 1399 principum
1094 1317 1189 1398 atque
1211 1333 1292 1397 pon-

166 1420 262 1487 tificis
284 1421 484 1501 Iudaeorum,
512 1440 551 1486 ne
575 1421 726 1486 docerent
746 1439 827 1487 neue
849 1419 1069 1503 praedicarent
1090 1418 1218 1482 unicum
1242 1418 1293 1482 dei

166 1522 283 1609 filium
315 1525 422 1590 tamen
454 1523 530 1608 quid
558 1523 607 1588 illi
635 1523 767 1588 fecerint
798 1523 904 1604 accipe
935 1521 1037 1586 adhuc
1069 1517 1149 1604 qirae
1176 1522 1293 1601 scripta

167 1629 256 1708 sunt,
291 1627 433 1692 neforto
455 1626 556 1710 possit
577 1625 716 1691 tenebris
738 1625 914 1708 saginatam
937 1642 990 1688 eor
1011 1624 1101 1687 tuum
1125 1621 1291 1705 aliquando

132 1729 211 1797 aad
229 1730 402 1795 uidendam
425 1728 541 1794 adduci
563 1728 747 1794 ueritatem:
775 1749 837 1811 per
860 1747 977 1793 manus
999 1727 1213 1810 apostolorum
1235 1727 1291 1805 tie-

165 1834 251 1926 bant]
265 1835 360 1918 ciana
383 1838 413 1899 et
429 1834 581 1916 pradipia
603 1834 706 1898 multa
731 1832 769 1896 in
791 1831 892 1913 plebe.
931 1835 960 1895 et
983 1834 1077 1895 erant
1097 1847 1160 1894 uno
1183 1829 1292 1892 animo

165 1956 272 2002 omnes
293 1939 331 2002 in
353 1939 484 2019 porticu
506 1939 699 2018 Salomonis,
727 1941 899 2003 ceterorum
921 1940 1026 2002 autem
1047 1955 1136 2001 nemo
1159 1934 1291 2000 audebat

166 2040 210 2105 ad
231 2038 306 2105 illos
328 2040 486 2118 madere,
507 2042 561 2105 sed
582 2040 809 2124 mapnipteabat
829 2040 901 2106 illos
920 2039 1015 2122 plebs.
1048 2039 1209 2122 mapisqne
1231 2036 1291 2100 ad-

162 2143 323 2209 debantur
353 2144 508 2209 eredentes
537 2146 665 2210 domino
692 2144 866 2209 multitudo
888 2145 1033 2208 uirorum
1054 2162 1092 2206 ac
1114 2140 1290 2218 mulierum,

128 2267 153 2308 ao
165 2246 215 2311 ita
236 2248 274 2310 nt
293 2246 332 2310 in
348 2245 467 2328 plateis
488 2248 622 2312 eicerent
642 2247 788 2329 infirmos
810 2252 839 2312 et
861 2248 1048 2327 inponerent
1069 2246 1106 2309 in
1121 2243 1244 2337 lectulis
1263 2248 1292 2306 et

163 2347 327 2434 prabatio,
362 2354 396 2413 ut
426 2351 570 2415 ueniente
592 2349 688 2414 Petro
710 2350 762 2416 uel
789 2351 902 2414 umbra
929 2348 1127 2413 inumbraret
1154 2347 1291 2430 aliquem

166 2471 284 2518 eorum
306 2456 335 2516 et
358 2451 577 2518 liberabantur
600 2454 638 2518 ab
660 2454 848 2536 infirmitate
870 2472 939 2516 ena.
967 2450 1171 2516 concurrebat
1187 2453 1292 2514 autem

166 2553 340 2620 multitudo
360 2556 546 2620 uicinorum
568 2557 736 2621 cindatum
750 2556 954 2621 Hierusalem
966 2559 1132 2636 portantes
1146 2554 1292 2635 infirmos

130 2658 133 2663 ’
167 2662 201 2723 εἰ,
218 2677 269 2724 eos
290 2659 348 2743 qni
370 2679 391 2723 a
413 2659 579 2741 spiritibus
601 2660 769 2724 inmundis
791 2658 999 2742 necabantur,
1024 2663 1052 2722 et
1074 2677 1177 2722 omnes
1191 2677 1290 2722 sana-

129 2748 295 2829 ssbantnr.
334 2779 502 2847 ensurpens
531 2766 636 2828 autem
657 2762 810 2844 prinecps
838 2762 1084 2826 sacerdotumet
1107 2762 1290 2842 omnesqui

166 2885 238 2931 eum
260 2865 318 2931 illo
342 2870 434 2931 erant
463 2866 601 2932 haeresis
632 2865 888 2932 Sadducaeorum
917 2863 1035 2945 repleti·
1056 2867 1130 2928 sunt
1159 2865 1289 2929 inuidia

166 2973 195 3034 el
216 2969 393 3034 iniecerunt
414 2988 531 3034 manus
552 2969 702 3050 apostolis
723 2973 751 3034 et
768 2972 946 3049 posuerunt
960 2965 1033 3030 illos
1057 2967 1092 3030 in
1108 2966 1290 3031 cnsmdiam.

166 3071 300 3155 ampelus
315 3075 423 3136 autem
443 3072 568 3137 domini
591 3072 718 3154 aperuit
739 3071 858 3135 ianuas
881 3071 1018 3135 carceris
1040 3074 1069 3133 et
1090 3069 1199 3133 adunit
1217 3068 1290 3132 illas

166 3175 292 3242 dicens:
314 3175 356 3239 ite
377 3179 406 3239 et
428 3178 547 3239 stantes
568 3176 606 3240 in
628 3174 741 3257 templo
764 3173 934 3257 loquimini
949 3173 991 3237 ad
1008 3173 1167 3254 populum
1183 3173 1289 3236 emnia

130 3277 265 3343 ³⁰uerba
293 3277 381 3342 uitae
410 3275 516 3342 buius.
555 3296 625 3342 eum
646 3276 722 3342 baec
750 3277 869 3359 itaque,
886 3272 1066 3359 audissent,
1099 3276 1292 3340 introierunt

166 3380 221 3445 sub
244 3379 313 3445 lnce
333 3380 372 3445 in
394 3379 544 3462 templum
566 3383 596 3444 et
616 3379 773 3446 docebant.
813 3379 986 3444 adueniens
1013 3383 1117 3442 autem
1139 3378 1291 3460 princeps

160 3481 364 3547 ¹sacerdotum
386 3486 414 3545 et
435 3482 491 3563 qni
513 3500 584 3546 cum
607 3501 640 3545 eo
662 3485 755 3544 erant
783 3485 1035 3546 conuocauernnt
1065 3479 1235 3546 conmlium
1262 3486 1291 3545 et

270 3669 302 3722 15
320 3669 378 3722 nn.
399 3670 423 3738 5,
443 3669 544 3722 12-29

218 3843 251 3896 14
270 3844 312 3911 ne]
332 3858 365 3894 en
383 3843 456 3904 coni.
476 3841 647 3896 Gallandiae
717 3842 925 3910 aliquandoom.
944 3859 960 3896 a
1030 3842 1062 3895 17
1081 3843 1223 3898 solomonis

166 3928 197 3980 21
217 3928 334 3984 erebatis
412 3928 446 3982 24
463 3927 576 3997 spiribus
595 3945 629 3983 m.
646 3935 662 3983 1
744 3929 777 3983 26
795 3928 982 3983 sadduceomm
1063 3931 1096 3984 29
1116 3929 1150 3983 ad
1168 3931 1292 3999 populum

167 4031 216 4069 om.
235 4034 251 4071 o
321 4016 354 4071 30
372 4023 436 4085 post
454 4015 536 4072 uerba
554 4020 571 4070 5
589 4017 701 4071 litterae
719 4033 790 4072 eras.
