2850 4754
462 389 503 444 De
521 393 613 445 sancto
631 390 778 446 Athanasio
796 390 864 446 liber
880 391 913 447 11.
1190 394 1251 461 207

130 577 195 642 nias
218 594 292 641 suas
314 575 455 658 perditas
478 578 635 642 correctas
657 578 851 661 perspexerit
874 580 959 644 etto
981 580 1012 644 in
1037 582 1179 647 omnibus
1194 602 1248 646 re-

128 678 293 744 formatum
318 697 387 744 essa
408 678 536 757 uiderit,
566 680 643 743 mihi
671 680 765 745 crode
794 681 867 763 quia
893 681 924 745 in
953 682 1074 765 ingenti
1096 684 1247 751 felicitate

129 799 196 847 esse
218 782 301 847 inter
325 780 375 846 dei
398 781 534 846 famulos
556 782 696 864 incipies.

166 884 333 950 XXXIIII.
356 883 464 946 Habes
486 882 652 962 praeterea
672 881 848 947 beatissimi
870 882 961 947 Pauli
985 885 1117 967 apostoli
1141 904 1249 950 erem-

125 987 220 1069 plum,
244 1005 283 1051 ne
306 986 385 1050 forte
408 986 444 1048 ut
465 984 519 1048 ille
543 1003 635 1067 geras
651 986 728 1050 haee
744 1003 800 1067 per
814 986 1031 1068 ignorantiam,
1056 988 1140 1070 quod
1156 989 1248 1067 enim,

124 1109 195 1154 mon
223 1091 260 1154 ut
287 1090 320 1153 te
354 1088 547 1153 conuerteris
582 1087 622 1151 ad
650 1089 778 1154 unicum
809 1089 860 1153 dei
889 1090 990 1154 filium
1023 1091 1246 1170 confitendum,

124 1193 248 1258 ueniam
270 1193 395 1257 tuorum
417 1190 591 1255 facinorum
613 1191 649 1254 ut
669 1190 718 1254 illi
739 1191 785 1255 ita
806 1191 864 1256 tibi
881 1192 923 1257 sit
936 1193 1120 1260 tributurus.
1143 1196 1246 1277 ipsum

125 1314 264 1378 sequere,
278 1295 377 1377 ipsius
394 1293 593 1376 adprehende
609 1294 705 1372 uiam,
727 1294 831 1377 ipsum
845 1295 1097 1378 Philippensibus
1111 1297 1246 1381 loquen-

122 1399 187 1463 tem
211 1398 286 1463 audi
309 1399 342 1462 et
364 1398 507 1480 quisnam
522 1396 616 1460 buerit
635 1398 706 1461 ante
724 1397 913 1480 agnitionem
931 1399 962 1462 et
977 1400 1126 1481 quantam
1141 1401 1246 1466 beati·

122 1501 264 1567 tudinem
293 1502 365 1584 post
394 1499 584 1583 agnitionem
613 1500 763 1582 consequi
790 1501 948 1564 meruerit.
992 1504 1023 1567 si
1045 1505 1117 1585 quis
1139 1509 1246 1570 mrtem

120 1611 219 1688 putat
239 1627 270 1672 se
291 1607 447 1690 fiduciam
469 1605 580 1670 tabere
602 1606 638 1669 in
660 1625 766 1689 carne,
796 1625 848 1688 eqo
876 1606 980 1688 magis
1009 1607 1248 1672 circumcisione

123 1713 238 1775 octaua
259 1709 310 1774 die
331 1710 369 1774 cte
395 1728 504 1793 penore
527 1708 641 1790 Israel,
676 1707 762 1773 tribu
789 1707 976 1792 Beniamin,
1010 1709 1176 1776 Hebraeus
1206 1731 1247 1776 erc

121 1813 286 1897 Hebraeis,
315 1813 488 1877 secundum
510 1811 604 1894 teqem
625 1811 834 1894 Pbarisaeus,
857 1812 1028 1876 seeundum
1050 1811 1151 1877 aetum
1168 1833 1242 1894 per·

122 1935 253 1998 sequens
273 1915 443 2000 ecclesiam,
472 1914 643 1979 secundum
672 1914 832 1978 iustitiam
858 1934 938 1995 quae
958 1915 995 1977 in
1018 1913 1080 1996 tepe
1101 1919 1145 1978 est
1166 1935 1242 1980 con-

122 2024 278 2097 uersutus,
305 2040 376 2086 curu
405 2037 499 2083 essem
521 2018 590 2082 sine
611 2016 760 2099 querella.
790 2036 870 2096 quae
891 2016 971 2080 miti
991 2017 1125 2099 fueruat
1147 2019 1243 2085 tucra

122 2123 198 2187 baec
219 2122 405 2187 emistimoui
427 2125 560 2204 propter
590 2120 752 2186 Christum
778 2120 974 2186 detinente.
1020 2124 1239 2186 uerumtamen

123 2226 232 2289 omnia
254 2225 394 2289 arbitror
409 2225 630 2289 detrimentem
646 2242 709 2288 esse
717 2228 849 2306 prepter
866 2224 1072 2288 eminentiam
1087 2223 1239 2288 scientiae

123 2326 245 2394 Obristi
267 2329 340 2393 Iesu
362 2329 486 2393 domini
507 2328 620 2410 nostri,
640 2332 771 2408 propter
791 2347 882 2408 quem
896 2329 1006 2392 omnia
1020 2327 1241 2392 detrimentem

115 2449 235 2510 possus
255 2449 326 2494 sum
354 2433 383 2495 et
404 2430 544 2494 arbitror
565 2432 772 2507 stercorant
796 2428 959 2494 Obristum
988 2430 1181 2511 lucrificiam
1214 2435 1243 2494 et

121 2531 274 2596 inueniar
294 2534 332 2596 in
353 2532 417 2610 itio,
442 2552 508 2596 non
529 2531 647 2596 tabens
662 2551 765 2595 mecm
780 2532 940 2596 iustitiam
958 2552 1038 2614 quae
1052 2537 1096 2598 cst
1110 2552 1148 2597 ec
1162 2531 1235 2616 iope,

120 2633 174 2697 sed
196 2632 290 2697 ittam
312 2655 391 2715 quae
408 2654 470 2714 per
484 2633 578 2715 pidem
590 2634 664 2697 Iesu
681 2631 813 2711 Obristi,
837 2653 918 2715 quoe
932 2654 970 2698 ec
984 2635 1038 2699 deo
1054 2639 1100 2699 est
1113 2636 1241 2700 iustitia

121 2736 157 2798 in
179 2736 252 2820 ide,
275 2737 318 2801 aet
341 2738 575 2819 agnoscendum
596 2737 692 2801 iilum
713 2739 744 2801 et
756 2737 907 2800 aeirtutem
921 2737 1158 2802 resurrectionis
1172 2738 1240 2802 eius

121 2841 151 2902 ct
172 2840 488 2904 communicationem
505 2840 695 2921 passionum
709 2839 787 2922 eius,
811 2843 996 2904 cooneratus
1010 2843 1107 2904 morte
1122 2841 1237 2920 ipsius,

119 2941 148 3004 si
159 2962 219 3022 quo
230 2943 321 3007 mode
333 2962 497 3007 accurram
512 2945 549 3006 ia
564 2942 820 3006 resurrectionem
832 2941 899 3006 eius
915 2960 994 3022 quae
1005 2945 1081 3005 esta
1096 2943 1240 3006 mortuis.

121 3042 202 3106 sicut
217 3044 249 3107 et
270 3044 334 3107 iam
358 3044 551 3121 dictumest,
574 3044 671 3107 istum
685 3042 819 3122 imitare,
834 3042 932 3107 istum
948 3061 1088 3125 sequere,
1106 3045 1149 3123 ut,
1167 3044 1241 3127 quia

121 3145 152 3209 et
182 3145 237 3210 ille
266 3147 369 3211 inerat
397 3146 481 3228 quod
508 3147 544 3209 tu
572 3164 663 3224 nuno,
698 3147 757 3210 hoc
787 3147 836 3210 est
863 3147 1044 3228 persecutor
1074 3147 1237 3226 ecclesiae,

119 3249 249 3331 negator
272 3250 357 3313 unici
379 3248 436 3312 filii
461 3249 522 3326 dei,
555 3248 725 3312 inueniaris
754 3248 798 3312 sie
831 3248 872 3312 ad
894 3250 1115 3331 consequenda
1142 3268 1243 3333 regna

119 3351 270 3416 caelestia
291 3353 387 3416 inisse
412 3371 592 3430 conuersus
616 3371 635 3415 a
656 3350 789 3433 perfidia
811 3351 852 3415 ad
882 3351 977 3416 fidem
1007 3352 1237 3434 suscipiendam

120 3454 316 3534 catholicam,
342 3456 386 3520 sic
410 3457 442 3519 te
464 3455 632 3520 transitum
653 3454 767 3520 fecisse
790 3455 829 3519 de
845 3456 945 3520 morte
961 3455 1001 3519 ad
1016 3455 1124 3519 uitam.
1148 3453 1238 3518 illum

120 3555 234 3621 etenim
256 3577 311 3639 per
333 3558 542 3641 ignorantiam
566 3559 617 3623 dei
638 3558 735 3623 fuisse
757 3560 957 3640 persecutum
987 3558 1155 3623 ecclesiam
1178 3557 1237 3620 ad-

118 3658 177 3723 huc
202 3661 309 3742 accipe
333 3660 428 3725 etiam
453 3661 617 3727 Timotheo
641 3662 800 3743 aperiente
824 3661 863 3725 de
886 3663 985 3725 semet
1006 3661 1090 3743 ipso:
1120 3661 1238 3726 scimus

118 3768 221 3827 autem
244 3765 398 3844 quoniam
421 3764 503 3829 bona
518 3769 563 3828 est
578 3765 638 3846 tea,
660 3765 776 3847 siquis
791 3785 829 3830 ca
843 3765 979 3848 lepitime
993 3767 1113 3846 utatur,
1136 3764 1236 3828 sciam

219 4001 251 4053 10
269 4000 337 4056 Phil.
355 4000 381 4065 3,
400 4001 482 4055 4-11
554 4003 585 4056 31
604 4003 618 4056 I
635 4003 699 4058 Tim
718 4004 742 4068 1,
761 4002 847 4057 8—14

165 4199 287 4262 iilla'na
300 4189 328 4260 1‘
387 4207 419 4260 15
434 4207 565 4276 quaerella
634 4205 668 4260 18
680 4206 840 4261 detrimenta
851 4225 867 4263 o
936 4207 1168 4263 191ucriiaciamo

115 4295 147 4348 23
165 4291 342 4348 conformatus
360 4294 439 4347 morti
456 4295 594 4347 Lactarius
662 4293 695 4346 25
713 4293 812 4346 imitari
