2850 4754
405 373 448 429 De
466 389 519 428 non
539 372 669 444 parcendo
687 377 715 428 in
733 373 810 428 deum
828 372 1047 443 delinquentibus.
1228 374 1291 441 253

167 569 262 632 tatem
277 564 476 648 lapidabant.
501 566 545 629 sic
568 565 603 628 tu
626 565 720 630 corde
743 564 888 640 fremens,
915 563 1059 628 dentibus
1083 563 1218 629 stridens
1242 565 1287 629 sis

169 667 336 732 aduersum
363 686 419 733 nos
447 668 534 733 nulle
563 669 625 733 alia
654 669 693 733 de
721 686 773 747 re,
810 668 869 732 nisi
900 668 974 750 quia
1003 667 1034 731 te
1057 667 1290 749 persecutorem

168 771 311 836 dicamus
339 770 390 836 del
418 771 544 849 domus,
579 770 637 836 nisi
669 771 743 854 quia
773 771 1002 836 destructorem
1034 769 1084 833 dei
1117 770 1288 852 religionis,

168 874 241 956 quie
269 874 407 939 fusorem
437 875 597 956 sanguinis
628 893 789 940 seruorum
820 873 953 955 Christi,
994 867 1068 956 quie
1101 872 1290 955 sacrilegum

143 977 345 1043 suocitemus
359 976 451 1054 inste,
476 978 590 1060 quippe
604 978 823 1060 blasphemum
838 976 1041 1055 haereticum,
1066 976 1179 1059 quippe
1194 975 1289 1040 fidem

168 1081 373 1162 apostolicam
398 1080 676 1162 euangelicamque
700 1079 937 1162 expugnantem.
975 1098 1034 1145 non
1061 1078 1193 1143 fecimus
1222 1097 1289 1142 rem

168 1182 227 1247 (leo
250 1182 415 1259 odibilem,
451 1183 477 1247 si
499 1183 557 1247 tibi
578 1183 640 1247 ista
663 1182 757 1247 modo
780 1201 841 1265 qua
869 1183 975 1247 tecum
1006 1181 1129 1246 conlido
1161 1181 1290 1263 egentes

160 1284 253 1367 *quod
285 1286 318 1349 te
351 1303 421 1349 esse
455 1284 669 1366 intellegimus
704 1283 854 1348 dicamus.
893 1284 1070 1348 inuenimus
1099 1284 1215 1348 etenim
1244 1284 1288 1347 sic

167 1387 272 1469 egisse
296 1387 395 1464 tales,
431 1386 534 1468 qualis
557 1387 600 1450 sis
621 1387 672 1464 tu,
688 1396 693 1405 '
707 1387 816 1450 cantra
842 1385 1004 1468 gloriosos.
1043 1386 1290 1451 descruimtitus

130 1495 273 1556 roautera
305 1490 393 1570 illis,
429 1489 505 1554 dicit
538 1490 701 1572 scripturn,
736 1494 763 1554 ct
796 1490 1013 1554 retuaautibus
1046 1490 1174 1554 domiue
1205 1489 1289 1555 dicit

166 1595 300 1675 spiritus
314 1598 460 1659 sauctus:
482 1598 638 1676 scprepate
652 1593 732 1656 milei
747 1592 980 1657 Baruadamet
997 1593 1133 1659 Saulum
1149 1593 1185 1656 iu
1201 1611 1289 1676 opus,

167 1698 210 1762 ad
232 1698 315 1778 quod
336 1697 452 1761 uocaui
474 1715 534 1760 eos.
573 1700 648 1760 tuuc
670 1695 849 1760 ieiuuautes
877 1700 906 1760 et
933 1699 1057 1759 erardus
1079 1697 1290 1778 imposueruut

115 1815 117 1820 ’
167 1801 213 1864 eis
235 1819 350 1864 marrus
373 1804 403 1865 ct
422 1800 614 1864 dimiserunt
635 1817 692 1862 eos.
717 1806 746 1863 et
767 1797 820 1863 illi
841 1798 968 1881 quidem
990 1798 1116 1862 dimissi
1137 1819 1159 1862 a
1182 1803 1290 1864 sauata

167 1903 287 1985 spiritu
316 1902 539 1967 desceudcruut
567 1901 742 1967 Seleuciam
775 1905 804 1966 et
832 1902 926 1966 illiue
955 1902 1194 1983 uauipaucruut
1226 1900 1288 1984 Op-

117 2020 156 2061 *ns
162 2027 271 2089 prum.
288 2009 401 2070 acum
413 2007 573 2070 ueuisseut
585 2005 766 2084 Salamiua,
777 2005 1009 2086 praedicabant
1024 2003 1153 2068 uerbum
1168 2004 1291 2069 domiui

167 2111 204 2173 iu
233 2109 403 2192 spuapopis
423 2096 641 2173 Iudaeorum.¹
664 2106 820 2171 tadcdaut
850 2111 955 2171 autem
984 2106 1160 2171 Iolmuuem
1189 2108 1288 2172 mirri-

166 2216 277 2287 strum,
301 2216 329 2274 ct
351 2230 423 2275 cum
438 2210 716 2292 perambulasseut
736 2211 922 2274 uniuersam
942 2210 1086 2275 iusulam
1107 2230 1203 2290 usque
1220 2209 1286 2274 Pa-

166 2314 247 2396 fum,
271 2314 465 2378 iuueueruut
485 2313 652 2395 quemdam
674 2313 782 2378 uirum
798 2311 1106 2394 pseudoprophetam
1121 2313 1289 2384 Iudaeum,

168 2419 222 2482 oui
243 2435 356 2482 uorum
378 2422 446 2481 crat
468 2416 683 2497 Bariesulau,
706 2417 788 2498 quad
810 2417 1040 2498 iuterpretatur
1058 2417 1210 2496 Paratus,
1235 2418 1292 2499 qui

130 2524 239 2586 ¹⁰erut
260 2540 330 2585 cum
351 2519 540 2601 proconsule
562 2519 672 2603 Serpio
696 2518 812 2585 Paullo
833 2521 905 2583 uiro
927 2519 1103 2602 prudcute;
1135 2521 1191 2602 qui
1219 2541 1290 2585 cum

168 2623 352 2687 aduocasset
374 2621 566 2690 Baruabam
587 2627 615 2686 ct
639 2623 792 2706 Samum,
825 2621 992 2703 quaerebat
1022 2623 1135 2686 audire
1160 2624 1290 2689 uerbum

168 2726 230 2791 dci.
252 2725 414 2791 resistebat
436 2729 541 2788 autem
564 2725 616 2789 illi
637 2725 787 2789 Etcemus
809 2744 921 2806 mapus
946 2725 1004 2806 (sic
1026 2725 1111 2789 euim
1133 2727 1288 2809 iuterpre-

167 2832 271 2892 tatum
284 2828 404 2892 dicitur
418 2846 532 2892 mamea
550 2828 641 2909 eius),
665 2829 720 2909 qui
734 2826 900 2909 quaerebat
915 2831 1055 2892 auertere
1066 2830 1290 2910 pracousulem

168 2952 190 2995 a
211 2931 281 3012 pide.
312 2930 433 2995 Saulus
455 2933 560 2995 autem
582 2930 638 3010 qui
659 2930 788 2996 Paulus
808 2929 944 3011 repletus
965 2931 1084 3012 spiritu
1105 2938 1214 2997 sarecto
1237 2932 1307 2997 iu-'

130 3035 298 3100 ssteadeus
325 3035 362 3098 iu
390 3053 461 3098 eum
490 3034 555 3097 ait:
587 3052 604 3095 o
626 3033 723 3114 pleae
750 3034 837 3097 omui
865 3033 934 3098 dala
962 3038 991 3097 et
1014 3035 1168 3120 fallacia,
1202 3036 1291 3118 filius

169 3137 302 3222 diaboli,
332 3138 462 3202 iuimice
484 3137 585 3200 amuis
608 3136 763 3216 iustitiae,
793 3155 859 3200 uam
881 3136 1000 3201 desiuis
1016 3143 1195 3217 pcruertcre
1216 3141 1290 3203 uias

169 3241 292 3306 domiui
313 3244 422 3305 rectas.
459 3243 595 3303 auuuc
617 3258 680 3302 ecce
702 3257 818 3302 maura
843 3238 967 3304 domiui
994 3240 1165 3305 aduersum
1187 3245 1231 3322 tc,
1262 3246 1291 3306 ct

170 3345 232 3409 eris
254 3362 364 3408 caccus
385 3361 450 3406 aaa
471 3342 586 3416 uideas
607 3340 703 3406 salem
724 3361 820 3423 usque
850 3341 892 3405 ad
916 3345 1045 3423 tempus.
1085 3347 1115 3407 et
1135 3343 1290 3424 pratirum

171 3446 282 3511 cecidit
302 3465 399 3527 super
420 3465 490 3509 eum
512 3444 615 3526 calipa
636 3442 836 3521 claustrae,
863 3448 892 3507 et
913 3445 1100 3509 circumieris
1122 3446 1291 3527 quaerebat
1379 3508 1381 3515 Α

131 3566 156 3606 ³⁰
169 3550 226 3631 qui
252 3569 285 3614 se
313 3550 357 3613 ad
385 3568 517 3612 marum
545 3547 719 3612 deduceret.
756 3547 871 3612 uideas
893 3553 998 3612 autem
1014 3550 1188 3629 pracausul
1209 3551 1289 3631 quad
1351 3570 1357 3581 ·

170 3655 240 3715 erat
267 3651 405 3732 factum,
440 3649 574 3713 credidit
600 3669 671 3714 cum
699 3649 911 3713 admiratione
937 3654 1065 3730 stupeas
1086 3650 1122 3714 iu
1144 3650 1290 3717 doctriua

272 3892 288 3944 9
305 3890 364 3944 Aet.
384 3890 424 3953 13,
443 3889 528 3942 2-12
622 3894 625 3901 ’

222 4114 237 4165 5
257 4128 378 4167 nocemus
402 4131 417 4167 a
521 4116 535 4166 7
561 4113 629 4183 quod
731 4113 747 4166 9
767 4113 855 4182 quales
878 4131 912 4168 m.
929 4119 945 4168 1
1049 4117 1189 4185 gloriosum
1206 4135 1222 4172 a

171 4201 204 4253 10
221 4214 295 4252 sacra
313 4200 473 4268 scripturae
543 4200 576 4252 14
592 4199 675 4254 illico
744 4199 776 4251 17
793 4199 1001 4268 perambulasset
1018 4217 1051 4255 m.
1071 4207 1085 4254 1
1157 4202 1188 4256 19
1205 4203 1289 4257 burie-

170 4284 263 4339 subum
284 4286 315 4348 V,
333 4285 443 4340 Buriesu
460 4287 531 4340 caui.
549 4287 685 4340 Latinius
754 4285 787 4338 22
805 4285 960 4340 ressistebct
1028 4303 1171 4358 mugnuso
